<?xml version="1.0" encoding="UTF-8"?>
<!DOCTYPE html PUBLIC "-//W3C//DTD XHTML 1.0 Transitional//EN"
    "http://www.w3.org/TR/xhtml1/DTD/xhtml1-transitional.dtd">
<html xmlns="http://www.w3.org/1999/xhtml" xml:lang="en" lang="en">
 <head>
  <title>
</title>
<meta http-equiv="Content-Type" content="text/html;charset=utf-8" />
  <meta name='ocr-system' content='tesseract 3.04.00' />
  <meta name='ocr-capabilities' content='ocr_page ocr_carea ocr_par ocr_line ocrx_word'/>
</head>
<body>
  <div class='ocr_page' id='page_1' title='image "./observationescr00buscgoog_0037.png"; bbox 0 0 3060 4574; ppageno 0'>
   <div class='ocr_carea' id='block_1_1' title="bbox 652 361 872 432">
    <p class='ocr_par' dir='ltr' id='par_1_1' title="bbox 652 361 872 432">
     <span class='ocr_line' id='line_1_1' title="bbox 652 361 872 432; baseline 0 -18"><span class='ocrx_word' id='word_1_1' title='bbox 652 361 872 432; x_wconf 81' lang='lat'>—30-</span> 
     </span>
    </p>
   </div>
   <div class='ocr_carea' id='block_1_2' title="bbox 247 549 1295 646">
    <p class='ocr_par' dir='ltr' id='par_1_2' title="bbox 247 549 1295 646">
     <span class='ocr_line' id='line_1_2' title="bbox 247 549 1295 646; baseline 0.008 -28"><span class='ocrx_word' id='word_1_2' title='bbox 247 549 336 636; x_wconf 76' lang='grc' dir='ltr'><em>ὖμῶν</em></span> <span class='ocrx_word' id='word_1_3' title='bbox 367 553 399 618; x_wconf 76' lang='grc' dir='ltr'>ἓν</span> <span class='ocrx_word' id='word_1_4' title='bbox 430 567 536 619; x_wconf 82' lang='grc' dir='ltr'><strong><em>ταῖσιν</em></strong></span> <span class='ocrx_word' id='word_1_5' title='bbox 561 550 650 631; x_wconf 81' lang='grc' dir='ltr'><em>ὁδοῖς</em></span> <span class='ocrx_word' id='word_1_6' title='bbox 674 558 822 644; x_wconf 81' lang='grc' dir='ltr'><strong><em>φανερῶς</em></strong></span> <span class='ocrx_word' id='word_1_7' title='bbox 846 550 1003 644; x_wconf 78' lang='grc' dir='ltr'><em>ἠκούομεν</em></span> <span class='ocrx_word' id='word_1_8' title='bbox 1031 551 1100 646; x_wconf 68' lang='grc' dir='ltr'>ἤδη.</span> <span class='ocrx_word' id='word_1_9' title='bbox 1146 561 1295 626; x_wconf 86' lang='lat' dir='ltr'>Necnon</span> 
     </span>
    </p>
   </div>
   <div class='ocr_carea' id='block_1_3' title="bbox 201 662 1294 4081">
    <p class='ocr_par' dir='ltr' id='par_1_3' title="bbox 201 662 1294 2358">
     <span class='ocr_line' id='line_1_3' title="bbox 247 662 1293 745; baseline 0.008 -19"><span class='ocrx_word' id='word_1_10' title='bbox 247 662 349 727; x_wconf 87' lang='lat' dir='ltr'>afferri</span> <span class='ocrx_word' id='word_1_11' title='bbox 373 666 479 745; x_wconf 88' lang='lat' dir='ltr'>potest</span> <span class='ocrx_word' id='word_1_12' title='bbox 502 682 609 728; x_wconf 86' lang='lat' dir='ltr'>versus</span> <span class='ocrx_word' id='word_1_13' title='bbox 631 664 684 728; x_wconf 89' lang='lat' dir='ltr'>ille</span> <span class='ocrx_word' id='word_1_14' title='bbox 716 684 750 729; x_wconf 87' lang='lat' dir='ltr'>ex</span> <span class='ocrx_word' id='word_1_15' title='bbox 783 665 837 729; x_wconf 87' lang='lat' dir='ltr'>Ar.</span> <span class='ocrx_word' id='word_1_16' title='bbox 863 666 995 732; x_wconf 86' lang='lat' dir='ltr'>Acharn.</span> <span class='ocrx_word' id='word_1_17' title='bbox 1023 670 1083 731; x_wconf 85' lang='lat'>311</span> <span class='ocrx_word' id='word_1_18' title='bbox 1112 669 1293 734; x_wconf 87' lang='lat' dir='ltr'>aNauclrio</span> 
     </span>
     <span class='ocr_line' id='line_1_4' title="bbox 201 757 1294 861; baseline 0.005 -27"><span class='ocrx_word' id='word_1_19' title='bbox 201 757 204 766; x_wconf 66' lang='grc'>’</span> <span class='ocrx_word' id='word_1_20' title='bbox 245 771 279 835; x_wconf 88' lang='grc'>11</span> <span class='ocrx_word' id='word_1_21' title='bbox 316 789 404 834; x_wconf 88' lang='lat' dir='ltr'>suam</span> <span class='ocrx_word' id='word_1_22' title='bbox 452 771 637 836; x_wconf 75' lang='lat' dir='ltr'>sententiam</span> <span class='ocrx_word' id='word_1_23' title='bbox 672 772 786 837; x_wconf 89' lang='lat' dir='ltr'>allatus</span> <span class='ocrx_word' id='word_1_24' title='bbox 824 773 928 836; x_wconf 77' lang='grc' dir='ltr'><em>ταῦτα</em></span> <span class='ocrx_word' id='word_1_25' title='bbox 964 771 1002 861; x_wconf 81' lang='grc' dir='ltr'>δὴ</span> <span class='ocrx_word' id='word_1_26' title='bbox 1036 774 1160 860; x_wconf 76' lang='grc' dir='ltr'><em>τολμᾷς</em></span> <span class='ocrx_word' id='word_1_27' title='bbox 1190 775 1294 861; x_wconf 66' lang='grc' dir='ltr'><em>λέγων</em></span> 
     </span>
     <span class='ocr_line' id='line_1_5' title="bbox 247 869 1293 966; baseline 0.005 -25"><span class='ocrx_word' id='word_1_28' title='bbox 247 876 399 964; x_wconf 75' lang='grc' dir='ltr'><em>ἐμφανῶς</em></span> <span class='ocrx_word' id='word_1_29' title='bbox 420 869 480 964; x_wconf 72' lang='grc' dir='ltr'>ἤδη</span> <span class='ocrx_word' id='word_1_30' title='bbox 504 873 588 963; x_wconf 75' lang='grc' dir='ltr'><strong><em>πρὸς</em></strong></span> <span class='ocrx_word' id='word_1_31' title='bbox 612 871 712 963; x_wconf 78' lang='grc' dir='ltr'>ἡμᾶς;</span> <span class='ocrx_word' id='word_1_32' title='bbox 746 899 817 945; x_wconf 85' lang='lat' dir='ltr'>cum</span> <span class='ocrx_word' id='word_1_33' title='bbox 841 881 974 946; x_wconf 84' lang='lat' dir='ltr'>Dobraei</span> <span class='ocrx_word' id='word_1_34' title='bbox 999 882 1175 966; x_wconf 80' lang='lat' dir='ltr'>conjectura</span> <span class='ocrx_word' id='word_1_35' title='bbox 1207 877 1293 947; x_wconf 70' lang='lat' dir='ltr'>olleo</span> 
     </span>
     <span class='ocr_line' id='line_1_6' title="bbox 245 976 1292 1072; baseline 0.006 -24"><span class='ocrx_word' id='word_1_36' title='bbox 245 1005 301 1068; x_wconf 91' lang='lat' dir='ltr'>pro</span> <span class='ocrx_word' id='word_1_37' title='bbox 322 976 551 1070; x_wconf 71' lang='grc' dir='ltr'><strong>ἤδηε11111111</strong></span> <span class='ocrx_word' id='word_1_38' title='bbox 575 985 697 1050; x_wconf 91' lang='lat' dir='ltr'>omnino</span> <span class='ocrx_word' id='word_1_39' title='bbox 717 1005 776 1051; x_wconf 93' lang='lat' dir='ltr'>non</span> <span class='ocrx_word' id='word_1_40' title='bbox 792 988 974 1068; x_wconf 87' lang='lat' dir='ltr'>requiratur.</span> <span class='ocrx_word' id='word_1_41' title='bbox 1006 988 1125 1068; x_wconf 83' lang='lat' dir='ltr'><strong>Quibus</strong></span> <span class='ocrx_word' id='word_1_42' title='bbox 1145 990 1292 1072; x_wconf 81' lang='lat' dir='ltr'>exemplis</span> 
     </span>
     <span class='ocr_line' id='line_1_7' title="bbox 246 1091 1291 1178; baseline 0.005 -22"><span class='ocrx_word' id='word_1_43' title='bbox 246 1093 363 1170; x_wconf 72' lang='lat' dir='ltr'>allatio,</span> <span class='ocrx_word' id='word_1_44' title='bbox 386 1092 413 1155; x_wconf 86' lang='lat' dir='ltr'>si</span> <span class='ocrx_word' id='word_1_45' title='bbox 438 1091 507 1173; x_wconf 88' lang='lat' dir='ltr'>quis</span> <span class='ocrx_word' id='word_1_46' title='bbox 532 1110 656 1156; x_wconf 90' lang='lat' dir='ltr'>causam</span> <span class='ocrx_word' id='word_1_47' title='bbox 681 1093 845 1172; x_wconf 77' lang='lat' dir='ltr'>desiderat,</span> <span class='ocrx_word' id='word_1_48' title='bbox 871 1115 924 1159; x_wconf 87' lang='lat' dir='ltr'>our</span> <span class='ocrx_word' id='word_1_49' title='bbox 947 1095 1057 1161; x_wconf 79' lang='lat' dir='ltr'>Graeci</span> <span class='ocrx_word' id='word_1_50' title='bbox 1079 1097 1135 1161; x_wconf 86' lang='lat' dir='ltr'>has</span> <span class='ocrx_word' id='word_1_51' title='bbox 1155 1097 1291 1178; x_wconf 88' lang='lat' dir='ltr'>partiou-</span> 
     </span>
     <span class='ocr_line' id='line_1_8' title="bbox 243 1189 1290 1288; baseline 0.004 -24"><span class='ocrx_word' id='word_1_52' title='bbox 243 1201 300 1278; x_wconf 79' lang='grc'><strong>111,</strong></span> <span class='ocrx_word' id='word_1_53' title='bbox 327 1218 457 1281; x_wconf 90' lang='lat' dir='ltr'>quarum</span> <span class='ocrx_word' id='word_1_54' title='bbox 482 1189 541 1284; x_wconf 72' lang='grc' dir='ltr'>ἤδη</span> <span class='ocrx_word' id='word_1_55' title='bbox 566 1217 605 1262; x_wconf 82' lang='lat' dir='ltr'>ex</span> <span class='ocrx_word' id='word_1_56' title='bbox 629 1195 667 1284; x_wconf 79' lang='grc' dir='ltr'>δή</span> <span class='ocrx_word' id='word_1_57' title='bbox 690 1200 763 1264; x_wconf 91' lang='lat' dir='ltr'>nata</span> <span class='ocrx_word' id='word_1_58' title='bbox 787 1202 844 1279; x_wconf 88' lang='lat' dir='ltr'>est,</span> <span class='ocrx_word' id='word_1_59' title='bbox 871 1203 1092 1285; x_wconf 86' lang='lat' dir='ltr'>copulaverint,</span> <span class='ocrx_word' id='word_1_60' title='bbox 1122 1204 1227 1288; x_wconf 86' lang='lat' dir='ltr'>relego</span> <span class='ocrx_word' id='word_1_61' title='bbox 1251 1204 1290 1268; x_wconf 92' lang='lat' dir='ltr'>ad</span> 
     </span>
     <span class='ocr_line' id='line_1_9' title="bbox 244 1302 1291 1398; baseline 0.003 -26"><span class='ocrx_word' id='word_1_62' title='bbox 244 1307 363 1372; x_wconf 90' lang='lat' dir='ltr'>Helleri</span> <span class='ocrx_word' id='word_1_63' title='bbox 387 1306 551 1388; x_wconf 89' lang='lat' dir='ltr'>epistolam</span> <span class='ocrx_word' id='word_1_64' title='bbox 583 1305 622 1371; x_wconf 90' lang='lat' dir='ltr'>ad</span> <span class='ocrx_word' id='word_1_65' title='bbox 640 1307 821 1372; x_wconf 79' lang='lat' dir='ltr'>Dnnlrerum</span> <span class='ocrx_word' id='word_1_66' title='bbox 850 1309 887 1373; x_wconf 91' lang='lat' dir='ltr'>de</span> <span class='ocrx_word' id='word_1_67' title='bbox 919 1310 1081 1391; x_wconf 82' lang='lat' dir='ltr'>particulis</span> <span class='ocrx_word' id='word_1_68' title='bbox 1110 1302 1169 1398; x_wconf 72' lang='grc' dir='ltr'>ἤδη</span> <span class='ocrx_word' id='word_1_69' title='bbox 1197 1312 1228 1375; x_wconf 89' lang='grc'>11</span> <span class='ocrx_word' id='word_1_70' title='bbox 1252 1308 1291 1397; x_wconf 79' lang='grc' dir='ltr'>δή</span> 
     </span>
     <span class='ocr_line' id='line_1_10' title="bbox 243 1413 1288 1502; baseline 0.004 -23"><span class='ocrx_word' id='word_1_71' title='bbox 243 1415 394 1498; x_wconf 87' lang='lat' dir='ltr'>philologi</span> <span class='ocrx_word' id='word_1_72' title='bbox 416 1413 477 1477; x_wconf 90' lang='lat' dir='ltr'>vol.</span> <span class='ocrx_word' id='word_1_73' title='bbox 504 1413 580 1478; x_wconf 86' lang='lat' dir='ltr'>Vlll</span> <span class='ocrx_word' id='word_1_74' title='bbox 604 1413 763 1493; x_wconf 82' lang='lat' dir='ltr'>insertam,</span> <span class='ocrx_word' id='word_1_75' title='bbox 788 1416 841 1479; x_wconf 90' lang='lat' dir='ltr'>ubi</span> <span class='ocrx_word' id='word_1_76' title='bbox 864 1437 894 1499; x_wconf 89' lang='lat' dir='ltr'>p.</span> <span class='ocrx_word' id='word_1_77' title='bbox 921 1420 985 1482; x_wconf 87' lang='lat'>307</span> <span class='ocrx_word' id='word_1_78' title='bbox 1009 1418 1084 1483; x_wconf 87' lang='lat' dir='ltr'>hacc</span> <span class='ocrx_word' id='word_1_79' title='bbox 1115 1418 1288 1502; x_wconf 88' lang='lat' dir='ltr'>conjunctio</span> 
     </span>
     <span class='ocr_line' id='line_1_11' title="bbox 244 1520 1289 1610; baseline 0.003 -22"><span class='ocrx_word' id='word_1_80' title='bbox 244 1543 278 1588; x_wconf 94' lang='lat' dir='ltr'>eo</span> <span class='ocrx_word' id='word_1_81' title='bbox 304 1521 484 1604; x_wconf 84' lang='lat' dir='ltr'>explicatur,</span> <span class='ocrx_word' id='word_1_82' title='bbox 519 1520 601 1600; x_wconf 88' lang='lat' dir='ltr'>quod</span> <span class='ocrx_word' id='word_1_83' title='bbox 623 1521 734 1586; x_wconf 81' lang='lat' dir='ltr'>Graeci</span> <span class='ocrx_word' id='word_1_84' title='bbox 757 1523 879 1605; x_wconf 86' lang='lat' dir='ltr'>saepius</span> <span class='ocrx_word' id='word_1_85' title='bbox 910 1526 1013 1603; x_wconf 85' lang='lat' dir='ltr'>verba,</span> <span class='ocrx_word' id='word_1_86' title='bbox 1045 1526 1133 1590; x_wconf 89' lang='lat' dir='ltr'>nulla</span> <span class='ocrx_word' id='word_1_87' title='bbox 1155 1526 1289 1610; x_wconf 87' lang='lat' dir='ltr'>originis</span> 
     </span>
     <span class='ocr_line' id='line_1_12' title="bbox 242 1628 1288 1716; baseline 0.003 -22"><span class='ocrx_word' id='word_1_88' title='bbox 242 1631 361 1696; x_wconf 87' lang='lat' dir='ltr'>ratione</span> <span class='ocrx_word' id='word_1_89' title='bbox 384 1628 499 1706; x_wconf 90' lang='lat' dir='ltr'>habita,</span> <span class='ocrx_word' id='word_1_90' title='bbox 523 1628 563 1692; x_wconf 89' lang='lat' dir='ltr'>ad</span> <span class='ocrx_word' id='word_1_91' title='bbox 585 1647 634 1692; x_wconf 87' lang='lat' dir='ltr'>ros</span> <span class='ocrx_word' id='word_1_92' title='bbox 659 1630 816 1712; x_wconf 88' lang='lat' dir='ltr'>apropria</span> <span class='ocrx_word' id='word_1_93' title='bbox 837 1631 1061 1716; x_wconf 84' lang='lat' dir='ltr'>significatione</span> <span class='ocrx_word' id='word_1_94' title='bbox 1083 1632 1288 1698; x_wconf 81' lang='lat' dir='ltr'>alienissimos</span> 
     </span>
     <span class='ocr_line' id='line_1_13' title="bbox 243 1735 1287 1822; baseline 0 -19"><span class='ocrx_word' id='word_1_95' title='bbox 243 1735 475 1821; x_wconf 80' lang='lat' dir='ltr'>applicaverint.</span> <span class='ocrx_word' id='word_1_96' title='bbox 523 1735 652 1799; x_wconf 82' lang='lat' dir='ltr'>Praeter</span> <span class='ocrx_word' id='word_1_97' title='bbox 678 1738 820 1819; x_wconf 81' lang='lat' dir='ltr'>exempla</span> <span class='ocrx_word' id='word_1_98' title='bbox 840 1738 884 1802; x_wconf 92' lang='lat' dir='ltr'>ibi</span> <span class='ocrx_word' id='word_1_99' title='bbox 909 1739 1004 1804; x_wconf 89' lang='lat' dir='ltr'>allata</span> <span class='ocrx_word' id='word_1_100' title='bbox 1026 1739 1121 1804; x_wconf 86' lang='lat' dir='ltr'>etiam</span> <span class='ocrx_word' id='word_1_101' title='bbox 1150 1740 1287 1822; x_wconf 86' lang='lat' dir='ltr'>partiou-</span> 
     </span>
     <span class='ocr_line' id='line_1_14' title="bbox 245 1830 1288 1931; baseline 0 -21"><span class='ocrx_word' id='word_1_102' title='bbox 245 1830 728 1924; x_wconf 73' lang='grc' dir='ltr'><strong>Ι11111μῶν11οῧν,1111111</strong></span> <span class='ocrx_word' id='word_1_103' title='bbox 758 1843 845 1908; x_wconf 90' lang='lat' dir='ltr'>illam</span> <span class='ocrx_word' id='word_1_104' title='bbox 877 1864 916 1908; x_wconf 87' lang='lat' dir='ltr'>ex</span> <span class='ocrx_word' id='word_1_105' title='bbox 945 1842 989 1931; x_wconf 81' lang='grc' dir='ltr'>μὴ</span> <span class='ocrx_word' id='word_1_106' title='bbox 1013 1836 1067 1909; x_wconf 75' lang='grc' dir='ltr'>οὖν</span> <span class='ocrx_word' id='word_1_107' title='bbox 1094 1847 1192 1912; x_wconf 84' lang='lat' dir='ltr'>ortam</span> <span class='ocrx_word' id='word_1_108' title='bbox 1220 1866 1288 1912; x_wconf 86' lang='lat' dir='ltr'>esse</span> 
     </span>
     <span class='ocr_line' id='line_1_15' title="bbox 242 1947 1286 2035; baseline -0.001 -16"><span class='ocrx_word' id='word_1_109' title='bbox 242 1953 372 2028; x_wconf 89' lang='lat' dir='ltr'>constat,</span> <span class='ocrx_word' id='word_1_110' title='bbox 407 1947 562 2031; x_wconf 91' lang='lat' dir='ltr'>copulatio</span> <span class='ocrx_word' id='word_1_111' title='bbox 589 1950 759 2030; x_wconf 88' lang='lat' dir='ltr'>comparari</span> <span class='ocrx_word' id='word_1_112' title='bbox 795 1953 910 2033; x_wconf 86' lang='lat' dir='ltr'>potest,</span> <span class='ocrx_word' id='word_1_113' title='bbox 948 1972 1026 2035; x_wconf 90' lang='lat' dir='ltr'>quae</span> <span class='ocrx_word' id='word_1_114' title='bbox 1058 1954 1213 2018; x_wconf 87' lang='lat' dir='ltr'>interdum</span> <span class='ocrx_word' id='word_1_115' title='bbox 1238 1954 1286 2018; x_wconf 93' lang='lat' dir='ltr'>in·</span> 
     </span>
     <span class='ocr_line' id='line_1_16' title="bbox 241 2051 1286 2142; baseline 0 -16"><span class='ocrx_word' id='word_1_116' title='bbox 241 2060 373 2137; x_wconf 87' lang='lat' dir='ltr'>venitur,</span> <span class='ocrx_word' id='word_1_117' title='bbox 398 2056 485 2121; x_wconf 85' lang='lat' dir='ltr'>velut</span> <span class='ocrx_word' id='word_1_118' title='bbox 510 2051 645 2136; x_wconf 81' lang='lat' dir='ltr'>Ohoeph.</span> <span class='ocrx_word' id='word_1_119' title='bbox 667 2058 740 2134; x_wconf 82' lang='grc'><strong>171,</strong></span> <span class='ocrx_word' id='word_1_120' title='bbox 766 2057 838 2123; x_wconf 82' lang='lat' dir='ltr'>Eur.</span> <span class='ocrx_word' id='word_1_121' title='bbox 859 2056 956 2123; x_wconf 86' lang='lat' dir='ltr'>Andr.</span> <span class='ocrx_word' id='word_1_122' title='bbox 976 2060 1028 2124; x_wconf 89' lang='grc'>82.</span> <span class='ocrx_word' id='word_1_123' title='bbox 1053 2061 1164 2142; x_wconf 87' lang='lat' dir='ltr'>ltaque</span> <span class='ocrx_word' id='word_1_124' title='bbox 1184 2079 1286 2142; x_wconf 91' lang='lat' dir='ltr'>neque</span> 
     </span>
     <span class='ocr_line' id='line_1_17' title="bbox 242 2161 1285 2251; baseline -0.002 -19"><span class='ocrx_word' id='word_1_125' title='bbox 242 2171 350 2232; x_wconf 86' lang='lat' dir='ltr'>nostro</span> <span class='ocrx_word' id='word_1_126' title='bbox 369 2167 447 2242; x_wconf 84' lang='lat' dir='ltr'>loco,</span> <span class='ocrx_word' id='word_1_127' title='bbox 480 2181 580 2244; x_wconf 87' lang='lat' dir='ltr'>neque</span> <span class='ocrx_word' id='word_1_128' title='bbox 604 2161 635 2225; x_wconf 90' lang='lat' dir='ltr'>in</span> <span class='ocrx_word' id='word_1_129' title='bbox 661 2163 772 2228; x_wconf 84' lang='lat' dir='ltr'>Troad.</span> <span class='ocrx_word' id='word_1_130' title='bbox 796 2184 887 2231; x_wconf 87' lang='lat' dir='ltr'>vorsu</span> <span class='ocrx_word' id='word_1_131' title='bbox 914 2169 1000 2231; x_wconf 85' lang='grc'><strong>1272</strong></span> <span class='ocrx_word' id='word_1_132' title='bbox 1023 2187 1069 2249; x_wconf 86' lang='lat' dir='ltr'>sq.</span> <span class='ocrx_word' id='word_1_133' title='bbox 1102 2187 1157 2251; x_wconf 87' lang='lat' dir='ltr'>per</span> <span class='ocrx_word' id='word_1_134' title='bbox 1193 2187 1225 2233; x_wconf 88' lang='lat' dir='ltr'>so</span> <span class='ocrx_word' id='word_1_135' title='bbox 1254 2167 1285 2231; x_wconf 95' lang='lat' dir='ltr'>in</span> 
     </span>
     <span class='ocr_line' id='line_1_18' title="bbox 240 2269 1001 2358; baseline -0.003 -18"><span class='ocrx_word' id='word_1_136' title='bbox 240 2273 411 2358; x_wconf 83' lang='lat' dir='ltr'>conjunctis</span> <span class='ocrx_word' id='word_1_137' title='bbox 433 2271 497 2334; x_wconf 86' lang='lat' dir='ltr'>illis</span> <span class='ocrx_word' id='word_1_138' title='bbox 520 2269 682 2352; x_wconf 80' lang='lat' dir='ltr'>particulis</span> <span class='ocrx_word' id='word_1_139' title='bbox 707 2271 921 2338; x_wconf 86' lang='lat' dir='ltr'>offendendum</span> <span class='ocrx_word' id='word_1_140' title='bbox 946 2275 1001 2340; x_wconf 88' lang='lat' dir='ltr'>ost.</span> 
     </span>
    </p>

    <p class='ocr_par' dir='ltr' id='par_1_4' title="bbox 230 2377 1285 4081">
     <span class='ocr_line' id='line_1_19' title="bbox 330 2377 1285 2465; baseline 0.002 -21"><span class='ocrx_word' id='word_1_141' title='bbox 330 2378 460 2445; x_wconf 80' lang='lat' dir='ltr'>Gravior</span> <span class='ocrx_word' id='word_1_142' title='bbox 476 2377 579 2440; x_wconf 87' lang='lat' dir='ltr'>tamen</span> <span class='ocrx_word' id='word_1_143' title='bbox 597 2377 694 2440; x_wconf 89' lang='lat' dir='ltr'>altera</span> <span class='ocrx_word' id='word_1_144' title='bbox 710 2395 803 2443; x_wconf 87' lang='lat' dir='ltr'>cansa</span> <span class='ocrx_word' id='word_1_145' title='bbox 818 2380 939 2446; x_wconf 87' lang='lat' dir='ltr'>Naucki</span> <span class='ocrx_word' id='word_1_146' title='bbox 957 2382 1013 2460; x_wconf 89' lang='lat' dir='ltr'>est,</span> <span class='ocrx_word' id='word_1_147' title='bbox 1038 2382 1285 2465; x_wconf 88' lang='lat' dir='ltr'>conjunctionem</span> 
     </span>
     <span class='ocr_line' id='line_1_20' title="bbox 239 2483 1284 2574; baseline 0 -22"><span class='ocrx_word' id='word_1_148' title='bbox 239 2484 300 2574; x_wconf 72' lang='grc' dir='ltr'>γὰρ</span> <span class='ocrx_word' id='word_1_149' title='bbox 324 2483 470 2568; x_wconf 83' lang='lat' dir='ltr'>explicari</span> <span class='ocrx_word' id='word_1_150' title='bbox 500 2500 562 2546; x_wconf 90' lang='lat' dir='ltr'>non</span> <span class='ocrx_word' id='word_1_151' title='bbox 598 2501 698 2565; x_wconf 85' lang='lat' dir='ltr'>posse.</span> <span class='ocrx_word' id='word_1_152' title='bbox 748 2483 890 2569; x_wconf 79' lang='lat' dir='ltr'>Cogitavi</span> <span class='ocrx_word' id='word_1_153' title='bbox 919 2488 1053 2569; x_wconf 91' lang='lat' dir='ltr'>quidem,</span> <span class='ocrx_word' id='word_1_154' title='bbox 1085 2493 1158 2571; x_wconf 89' lang='lat' dir='ltr'>post</span> <span class='ocrx_word' id='word_1_155' title='bbox 1188 2489 1284 2554; x_wconf 86' lang='lat' dir='ltr'>inter-</span> 
     </span>
     <span class='ocr_line' id='line_1_21' title="bbox 238 2588 1283 2680; baseline 0 -20"><span class='ocrx_word' id='word_1_156' title='bbox 238 2594 414 2680; x_wconf 82' lang='lat' dir='ltr'>rogationes</span> <span class='ocrx_word' id='word_1_157' title='bbox 447 2588 607 2655; x_wconf 87' lang='lat' dir='ltr'>subaudiri</span> <span class='ocrx_word' id='word_1_158' title='bbox 637 2607 728 2671; x_wconf 87' lang='lat' dir='ltr'>posse</span> <span class='ocrx_word' id='word_1_159' title='bbox 761 2591 839 2656; x_wconf 89' lang='lat' dir='ltr'>hanc</span> <span class='ocrx_word' id='word_1_160' title='bbox 863 2593 925 2658; x_wconf 84' lang='lat' dir='ltr'>fero</span> <span class='ocrx_word' id='word_1_161' title='bbox 956 2596 1140 2661; x_wconf 90' lang='lat' dir='ltr'>sententiam</span> <span class='ocrx_word' id='word_1_162' title='bbox 1171 2595 1283 2676; x_wconf 87' lang='lat' dir='ltr'>„quid-</span> 
     </span>
     <span class='ocr_line' id='line_1_22' title="bbox 241 2696 1284 2786; baseline 0.002 -19"><span class='ocrx_word' id='word_1_163' title='bbox 241 2702 316 2786; x_wconf 92' lang='lat' dir='ltr'>quid</span> <span class='ocrx_word' id='word_1_164' title='bbox 339 2697 526 2783; x_wconf 81' lang='lat' dir='ltr'>Talthybius</span> <span class='ocrx_word' id='word_1_165' title='bbox 548 2696 723 2779; x_wconf 87' lang='lat' dir='ltr'>impcrabit,</span> <span class='ocrx_word' id='word_1_166' title='bbox 746 2700 836 2765; x_wconf 87' lang='lat' dir='ltr'>nobis</span> <span class='ocrx_word' id='word_1_167' title='bbox 859 2702 1029 2785; x_wconf 84' lang='lat' dir='ltr'>parendum</span> <span class='ocrx_word' id='word_1_168' title='bbox 1052 2705 1130 2782; x_wconf 85' lang='lat' dir='ltr'>est“,</span> <span class='ocrx_word' id='word_1_169' title='bbox 1155 2705 1192 2768; x_wconf 92' lang='lat' dir='ltr'>ut</span> <span class='ocrx_word' id='word_1_170' title='bbox 1213 2723 1284 2786; x_wconf 91' lang='lat' dir='ltr'>por-</span> 
     </span>
     <span class='ocr_line' id='line_1_23' title="bbox 238 2804 1283 2898; baseline -0.001 -22"><span class='ocrx_word' id='word_1_171' title='bbox 238 2811 345 2898; x_wconf 88' lang='lat' dir='ltr'>gcrent</span> <span class='ocrx_word' id='word_1_172' title='bbox 361 2807 506 2872; x_wconf 89' lang='lat' dir='ltr'>mulieres</span> <span class='ocrx_word' id='word_1_173' title='bbox 523 2822 615 2882; x_wconf 87' lang='lat' dir='ltr'>„nam</span> <span class='ocrx_word' id='word_1_174' title='bbox 627 2804 694 2887; x_wconf 86' lang='lat' dir='ltr'>jam</span> <span class='ocrx_word' id='word_1_175' title='bbox 711 2824 817 2873; x_wconf 88' lang='lat' dir='ltr'>sumus</span> <span class='ocrx_word' id='word_1_176' title='bbox 835 2829 941 2876; x_wconf 88' lang='lat' dir='ltr'>servae</span> <span class='ocrx_word' id='word_1_177' title='bbox 953 2810 1135 2877; x_wconf 82' lang='lat' dir='ltr'>Graeciae“.</span> <span class='ocrx_word' id='word_1_178' title='bbox 1166 2812 1283 2876; x_wconf 88' lang='lat' dir='ltr'>Verum</span> 
     </span>
     <span class='ocr_line' id='line_1_24' title="bbox 236 2911 1284 3004; baseline 0 -21"><span class='ocrx_word' id='word_1_179' title='bbox 236 2919 313 2983; x_wconf 88' lang='lat' dir='ltr'>haec</span> <span class='ocrx_word' id='word_1_180' title='bbox 330 2914 492 2999; x_wconf 83' lang='lat' dir='ltr'>explicatio</span> <span class='ocrx_word' id='word_1_181' title='bbox 505 2911 626 2976; x_wconf 87' lang='lat' dir='ltr'>tantum</span> <span class='ocrx_word' id='word_1_182' title='bbox 646 2911 719 2977; x_wconf 83' lang='lat' dir='ltr'>ferri</span> <span class='ocrx_word' id='word_1_183' title='bbox 739 2920 855 2997; x_wconf 87' lang='lat' dir='ltr'>posset,</span> <span class='ocrx_word' id='word_1_184' title='bbox 881 2919 907 2982; x_wconf 88' lang='lat' dir='ltr'>si</span> <span class='ocrx_word' id='word_1_185' title='bbox 930 2920 1036 3004; x_wconf 81' lang='grc' dir='ltr'><em>Δωρὶς</em></span> <span class='ocrx_word' id='word_1_186' title='bbox 1050 2916 1144 3000; x_wconf 75' lang='grc' dir='ltr'>χθών</span> <span class='ocrx_word' id='word_1_187' title='bbox 1160 2937 1192 2983; x_wconf 91' lang='lat' dir='ltr'>re</span> <span class='ocrx_word' id='word_1_188' title='bbox 1211 2937 1284 2983; x_wconf 87' lang='lat' dir='ltr'>vora</span> 
     </span>
     <span class='ocr_line' id='line_1_25' title="bbox 236 3018 1283 3113; baseline 0.001 -24"><span class='ocrx_word' id='word_1_189' title='bbox 236 3026 411 3089; x_wconf 87' lang='lat' dir='ltr'>universam</span> <span class='ocrx_word' id='word_1_190' title='bbox 439 3018 600 3085; x_wconf 84' lang='lat' dir='ltr'>Graeciam</span> <span class='ocrx_word' id='word_1_191' title='bbox 638 3018 822 3104; x_wconf 86' lang='lat' dir='ltr'>designaret.</span> <span class='ocrx_word' id='word_1_192' title='bbox 869 3023 930 3088; x_wconf 85' lang='lat' dir='ltr'>Sed</span> <span class='ocrx_word' id='word_1_193' title='bbox 964 3045 1032 3092; x_wconf 87' lang='lat' dir='ltr'>oum</span> <span class='ocrx_word' id='word_1_194' title='bbox 1065 3029 1171 3113; x_wconf 81' lang='grc' dir='ltr'><em>Δωρίς</em></span> <span class='ocrx_word' id='word_1_195' title='bbox 1206 3025 1283 3090; x_wconf 86' lang='lat' dir='ltr'>alias</span> 
     </span>
     <span class='ocr_line' id='line_1_26' title="bbox 237 3123 1280 3217; baseline 0.001 -21"><span class='ocrx_word' id='word_1_196' title='bbox 237 3150 359 3214; x_wconf 89' lang='lat' dir='ltr'>semper</span> <span class='ocrx_word' id='word_1_197' title='bbox 380 3126 462 3210; x_wconf 90' lang='lat' dir='ltr'>apud</span> <span class='ocrx_word' id='word_1_198' title='bbox 484 3123 666 3207; x_wconf 78' lang='lat' dir='ltr'>Euripidem</span> <span class='ocrx_word' id='word_1_199' title='bbox 688 3126 727 3190; x_wconf 92' lang='lat' dir='ltr'>ad</span> <span class='ocrx_word' id='word_1_200' title='bbox 751 3127 918 3211; x_wconf 82' lang='lat' dir='ltr'>Spartanos</span> <span class='ocrx_word' id='word_1_201' title='bbox 941 3133 1095 3214; x_wconf 91' lang='lat' dir='ltr'>pertineat</span> <span class='ocrx_word' id='word_1_202' title='bbox 1130 3133 1181 3217; x_wconf 84' lang='lat' dir='ltr'>(cf.</span> <span class='ocrx_word' id='word_1_203' title='bbox 1205 3135 1280 3198; x_wconf 89' lang='lat' dir='ltr'>Hoc.</span> 
     </span>
     <span class='ocr_line' id='line_1_27' title="bbox 237 3232 1281 3321; baseline 0.003 -18"><span class='ocrx_word' id='word_1_204' title='bbox 237 3243 311 3318; x_wconf 79' lang='lat'>934,</span> <span class='ocrx_word' id='word_1_205' title='bbox 337 3238 379 3302; x_wconf 92' lang='lat' dir='ltr'>ib.</span> <span class='ocrx_word' id='word_1_206' title='bbox 405 3232 573 3311; x_wconf 74' lang='grc'><strong>411111.</strong></span> <span class='ocrx_word' id='word_1_207' title='bbox 595 3233 704 3316; x_wconf 79' lang='lat'>1590),</span> <span class='ocrx_word' id='word_1_208' title='bbox 730 3234 805 3301; x_wconf 88' lang='lat' dir='ltr'>haec</span> <span class='ocrx_word' id='word_1_209' title='bbox 828 3238 1045 3321; x_wconf 85' lang='lat' dir='ltr'>interpretatio</span> <span class='ocrx_word' id='word_1_210' title='bbox 1068 3241 1160 3304; x_wconf 91' lang='lat' dir='ltr'>etiam</span> <span class='ocrx_word' id='word_1_211' title='bbox 1175 3244 1281 3306; x_wconf 88' lang='lat' dir='ltr'>nostro</span> 
     </span>
     <span class='ocr_line' id='line_1_28' title="bbox 235 3341 1281 3431; baseline -0.002 -17"><span class='ocrx_word' id='word_1_212' title='bbox 235 3351 304 3414; x_wconf 90' lang='lat' dir='ltr'>loco</span> <span class='ocrx_word' id='word_1_213' title='bbox 334 3345 498 3413; x_wconf 86' lang='lat' dir='ltr'>retinenda</span> <span class='ocrx_word' id='word_1_214' title='bbox 528 3341 595 3408; x_wconf 88' lang='lat' dir='ltr'>crit.</span> <span class='ocrx_word' id='word_1_215' title='bbox 644 3348 725 3412; x_wconf 85' lang='lat' dir='ltr'>Tum</span> <span class='ocrx_word' id='word_1_216' title='bbox 756 3364 826 3412; x_wconf 87' lang='lat' dir='ltr'>vero</span> <span class='ocrx_word' id='word_1_217' title='bbox 853 3347 990 3412; x_wconf 86' lang='lat' dir='ltr'>Troades</span> <span class='ocrx_word' id='word_1_218' title='bbox 1017 3367 1078 3412; x_wconf 91' lang='lat' dir='ltr'>non</span> <span class='ocrx_word' id='word_1_219' title='bbox 1108 3366 1164 3431; x_wconf 92' lang='lat' dir='ltr'>pro</span> <span class='ocrx_word' id='word_1_220' title='bbox 1196 3352 1281 3413; x_wconf 87' lang='lat' dir='ltr'>certo</span> 
     </span>
     <span class='ocr_line' id='line_1_29' title="bbox 236 3455 1280 3540; baseline 0.001 -21"><span class='ocrx_word' id='word_1_221' title='bbox 236 3455 336 3522; x_wconf 87' lang='lat' dir='ltr'>dicere</span> <span class='ocrx_word' id='word_1_222' title='bbox 371 3459 509 3540; x_wconf 84' lang='lat' dir='ltr'>possunt,</span> <span class='ocrx_word' id='word_1_223' title='bbox 547 3476 579 3522; x_wconf 85' lang='lat' dir='ltr'>so</span> <span class='ocrx_word' id='word_1_224' title='bbox 612 3456 925 3522; x_wconf 83' lang='lat' dir='ltr'>Lacedaemoniorum</span> <span class='ocrx_word' id='word_1_225' title='bbox 960 3475 1035 3535; x_wconf 87' lang='lat' dir='ltr'>esse,</span> <span class='ocrx_word' id='word_1_226' title='bbox 1077 3455 1132 3520; x_wconf 87' lang='lat' dir='ltr'>scd</span> <span class='ocrx_word' id='word_1_227' title='bbox 1171 3456 1280 3520; x_wconf 87' lang='lat' dir='ltr'>timere</span> 
     </span>
     <span class='ocr_line' id='line_1_30' title="bbox 235 3563 1279 3645; baseline -0.001 -18"><span class='ocrx_word' id='word_1_228' title='bbox 235 3563 369 3642; x_wconf 90' lang='lat' dir='ltr'>tanturn,</span> <span class='ocrx_word' id='word_1_229' title='bbox 398 3585 435 3630; x_wconf 93' lang='lat' dir='ltr'>ne</span> <span class='ocrx_word' id='word_1_230' title='bbox 465 3565 513 3630; x_wconf 93' lang='lat' dir='ltr'>his</span> <span class='ocrx_word' id='word_1_231' title='bbox 537 3565 672 3629; x_wconf 88' lang='lat' dir='ltr'>tributae</span> <span class='ocrx_word' id='word_1_232' title='bbox 697 3564 768 3629; x_wconf 88' lang='lat' dir='ltr'>sint.</span> <span class='ocrx_word' id='word_1_233' title='bbox 813 3563 918 3645; x_wconf 87' lang='lat' dir='ltr'>Atque</span> <span class='ocrx_word' id='word_1_234' title='bbox 954 3563 1193 3628; x_wconf 87' lang='lat' dir='ltr'>consentancum</span> <span class='ocrx_word' id='word_1_235' title='bbox 1223 3565 1279 3641; x_wconf 87' lang='lat' dir='ltr'>est,</span> 
     </span>
     <span class='ocr_line' id='line_1_31' title="bbox 234 3670 1280 3755; baseline -0.001 -20"><span class='ocrx_word' id='word_1_236' title='bbox 234 3690 382 3755; x_wconf 87' lang='lat' dir='ltr'>praecone</span> <span class='ocrx_word' id='word_1_237' title='bbox 403 3673 583 3740; x_wconf 87' lang='lat' dir='ltr'>adveniente</span> <span class='ocrx_word' id='word_1_238' title='bbox 615 3672 706 3737; x_wconf 89' lang='lat' dir='ltr'>choro</span> <span class='ocrx_word' id='word_1_239' title='bbox 739 3671 869 3736; x_wconf 89' lang='lat' dir='ltr'>eundem</span> <span class='ocrx_word' id='word_1_240' title='bbox 900 3670 1043 3736; x_wconf 89' lang='lat' dir='ltr'>timorem</span> <span class='ocrx_word' id='word_1_241' title='bbox 1074 3670 1183 3749; x_wconf 89' lang='lat' dir='ltr'>redire,</span> <span class='ocrx_word' id='word_1_242' title='bbox 1219 3689 1280 3752; x_wconf 90' lang='lat' dir='ltr'>quo</span> 
     </span>
     <span class='ocr_line' id='line_1_32' title="bbox 234 3771 1280 3866; baseline -0.005 -21"><span class='ocrx_word' id='word_1_243' title='bbox 234 3781 366 3846; x_wconf 84' lang='lat' dir='ltr'>vexatur</span> <span class='ocrx_word' id='word_1_244' title='bbox 397 3781 428 3845; x_wconf 93' lang='lat' dir='ltr'>in</span> <span class='ocrx_word' id='word_1_245' title='bbox 455 3801 484 3846; x_wconf 85' lang='lat' dir='ltr'>u.</span> <span class='ocrx_word' id='word_1_246' title='bbox 510 3783 576 3846; x_wconf 84' lang='lat'>210</span> <span class='ocrx_word' id='word_1_247' title='bbox 608 3798 721 3844; x_wconf 88' lang='lat' dir='ltr'>canens</span> <span class='ocrx_word' id='word_1_248' title='bbox 757 3775 802 3866; x_wconf 80' lang='grc' dir='ltr'>μὴ</span> <span class='ocrx_word' id='word_1_249' title='bbox 825 3775 885 3865; x_wconf 81' lang='grc' dir='ltr'>γὰρ</span> <span class='ocrx_word' id='word_1_250' title='bbox 910 3775 948 3866; x_wconf 74' lang='grc' dir='ltr'>δὴ</span> <span class='ocrx_word' id='word_1_251' title='bbox 972 3778 1061 3842; x_wconf 79' lang='grc' dir='ltr'><strong><em>δίναν</em></strong></span> <span class='ocrx_word' id='word_1_252' title='bbox 1088 3771 1116 3863; x_wconf 78' lang='grc' dir='ltr'>γ’</span> <span class='ocrx_word' id='word_1_253' title='bbox 1141 3771 1280 3865; x_wconf 80' lang='grc' dir='ltr'><em>Εὐρώτα</em></span> 
     </span>
     <span class='ocr_line' id='line_1_33' title="bbox 234 3885 1280 3969; baseline -0.006 -13"><span class='ocrx_word' id='word_1_254' title='bbox 234 3908 276 3956; x_wconf 86' lang='lat' dir='ltr'>sc.</span> <span class='ocrx_word' id='word_1_255' title='bbox 302 3887 467 3969; x_wconf 72' lang='grc' dir='ltr'><em>ἔλθοιμεν.</em></span> <span class='ocrx_word' id='word_1_256' title='bbox 516 3887 696 3954; x_wconf 88' lang='lat' dir='ltr'>Sententam</span> <span class='ocrx_word' id='word_1_257' title='bbox 716 3906 794 3968; x_wconf 86' lang='lat' dir='ltr'>quae</span> <span class='ocrx_word' id='word_1_258' title='bbox 822 3887 990 3969; x_wconf 89' lang='lat' dir='ltr'>requiritur</span> <span class='ocrx_word' id='word_1_259' title='bbox 1017 3885 1178 3950; x_wconf 89' lang='lat' dir='ltr'>Nauckius</span> <span class='ocrx_word' id='word_1_260' title='bbox 1206 3904 1280 3951; x_wconf 89' lang='lat' dir='ltr'>oon·</span> 
     </span>
     <span class='ocr_line' id='line_1_34' title="bbox 230 3991 1279 4081; baseline -0.006 -19"><span class='ocrx_word' id='word_1_261' title='bbox 230 3998 353 4081; x_wconf 79' lang='lat' dir='ltr'>jactura</span> <span class='ocrx_word' id='word_1_262' title='bbox 375 4018 430 4064; x_wconf 88' lang='lat' dir='ltr'>sua</span> <span class='ocrx_word' id='word_1_263' title='bbox 452 3997 523 4078; x_wconf 79' lang='grc' dir='ltr'>μῶν</span> <span class='ocrx_word' id='word_1_264' title='bbox 547 3995 686 4060; x_wconf 76' lang='lat' dir='ltr'>deltoton</span> <span class='ocrx_word' id='word_1_265' title='bbox 708 4019 736 4058; x_wconf 85' lang='grc' dir='ltr'>κ.</span> <span class='ocrx_word' id='word_1_266' title='bbox 754 4019 783 4058; x_wconf 80' lang='grc' dir='ltr'>τ.</span> <span class='ocrx_word' id='word_1_267' title='bbox 801 3995 829 4057; x_wconf 81' lang='grc' dir='ltr'>λ.</span> <span class='ocrx_word' id='word_1_268' title='bbox 854 3996 936 4059; x_wconf 88' lang='lat' dir='ltr'>recte</span> <span class='ocrx_word' id='word_1_269' title='bbox 958 3997 1119 4058; x_wconf 87' lang='lat' dir='ltr'>assecutus</span> <span class='ocrx_word' id='word_1_270' title='bbox 1136 3997 1199 4071; x_wconf 80' lang='lat' dir='ltr'>est3</span> <span class='ocrx_word' id='word_1_271' title='bbox 1225 3991 1279 4056; x_wconf 87' lang='lat' dir='ltr'>sed</span> 
     </span>
    </p>
   </div>
   <div class='ocr_carea' id='block_1_4' title="bbox 0 0 1534 4574">
    <p class='ocr_par' dir='ltr' id='par_1_5' title="bbox 0 0 1534 4574">
     <span class='ocr_line' id='line_1_35' title="bbox 0 0 1534 4574; baseline 0 5"><span class='ocrx_word' id='word_1_272' title='bbox 0 0 1534 4574; x_wconf 95' lang='lat' dir='ltr'> </span> 
     </span>
    </p>
   </div>
  </div>
 </body>
</html>
