3060 4574
649 377 871 440 -10-

246 561 384 629 scribens
407 567 618 650 παραμυθία,
648 563 859 630 Kirchhoffius
891 583 965 629 vero
996 563 1163 628 artificiosa
1190 563 1290 628 utitur

246 670 458 752 explicatione,
483 671 515 734 in
539 689 599 752 qua
617 672 712 737 verba
734 682 805 747 τοῖς
829 667 996 756 δυστήνοις
1018 689 1144 753 prorsus
1161 671 1288 763 omittit.

247 777 367 857 Quibus
392 777 506 842 additis
527 797 615 844 nemo
637 797 698 844 non
720 780 833 844 vertet:
859 779 1021 857 „miserias
1037 783 1160 844 cantare
1178 779 1209 842 et
1224 778 1289 859 ipse

246 884 371 948 miseris
395 886 502 950 cantus
528 887 606 965 eet‘,
630 888 719 966 quasi
742 886 871 952 Hecuba
894 886 931 951 de
957 887 1026 951 aliis
1044 905 1165 968 quoque
1190 884 1290 950 canti-

247 991 305 1054 bus
328 991 455 1073 cogitet.
504 993 592 1072 Quod
616 994 688 1058 ferri
711 1013 770 1058 non
794 1012 884 1076 posse
910 994 1065 1058 intellexit
1087 993 1289 1076 Hartungius,

247 1117 342 1179 eaque
360 1098 397 1162 de
415 1119 507 1163 causa
522 1101 593 1182 post
612 1098 780 1186 δυστήνοις
798 1102 929 1166 inseruit
943 1098 1107 1187 δύστηνος,
1132 1101 1167 1165 ut
1184 1119 1290 1165 sensus

248 1209 331 1270 esset
354 1207 408 1284 „et
430 1206 500 1288 ipsa
521 1225 613 1272 musa
636 1208 758 1272 miseris
782 1208 895 1273 misera
919 1210 975 1287 est,
998 1228 1069 1273 cum
1093 1209 1184 1273 canat
1207 1207 1290 1272 cula-

246 1313 406 1378 mitatem.
463 1313 601 1378 Eundem
632 1333 756 1378 sensum
781 1315 884 1380 minus
913 1316 1062 1381 violenter
1091 1313 1219 1380 Cronius
1241 1334 1291 1379 re-

249 1419 361 1498 stituit,
387 1421 551 1504 conjiciens
575 1413 759 1507 ἀχόρευτος.
803 1422 869 1488 Sed
893 1422 1104 1501 essententia,
1128 1441 1220 1502 quam
1244 1423 1292 1488 ita

248 1528 461 1607 nanciscimur,
495 1529 560 1594 arte
593 1529 754 1612 conjuncta
777 1530 825 1594 est
851 1549 921 1595 cum
950 1530 1062 1608 verbis,
1094 1549 1172 1611 quae
1202 1549 1291 1612 prae-

249 1637 361 1703 cedunt
397 1635 584 1717 μελέων-
611 1633 749 1721 ἐλέγους,
797 1656 926 1718 quorum
971 1655 1097 1702 causam
1142 1637 1192 1703 vel
1236 1657 1291 1702 ex-

186 1731 190 1738 ’
223 1744 447 1834 νγίδεεᾶοηειη
483 1742 634 1826 exprimit.
690 1744 771 1808 Tum
809 1763 878 1810 vero
908 1763 963 1828 pro
994 1745 1206 1827 conjunctione
1236 1743 1292 1809 ad·

249 1851 404 1918 versativa
432 1851 645 1932 exspectamus
672 1851 835 1914 causalem.
883 1849 966 1915 lllud
992 1851 1095 1933 ipsum
1126 1848 1162 1913 δὲ
1193 1851 1292 1934 signi-

249 1960 342 2024 ficare
362 1958 494 2034 videtur,
518 1956 595 2021 haec
617 1957 711 2022 verba
732 1957 839 2038 μοῦσα
860 1981 889 2020 κ.
906 1981 934 2020 τ.
951 1957 979 2019 λ.
1005 1957 1153 2022 solacium
1169 1955 1294 2037 aliquod

250 2066 433 2150 exprimere,
460 2065 542 2148 quod
567 2064 698 2129 Hecuba
728 2065 788 2128 sibi
823 2064 891 2147 ipsa
924 2064 1015 2129 dicat.
1063 2065 1154 2128 Hunc
1188 2068 1292 2129 autem

249 2193 372 2239 sensum
400 2173 515 2256 optime
528 2171 663 2237 Palatini
687 2171 780 2237 lectio
797 2171 983 2255 suppeditat,
1009 2172 1176 2236 secuudum
1200 2190 1293 2253 quam

249 2281 377 2345 Hecuba
413 2278 488 2344 dicit
511 2279 637 2358 „Etiam
657 2280 779 2344 miseris
805 2299 840 2344 aa
868 2298 958 2344 musa
986 2280 1093 2357 restat,
1120 2298 1197 2359 quae
1222 2298 1292 2344 ver-

249 2387 335 2452 satur
365 2387 396 2451 iu
424 2387 556 2451 miseriis
583 2387 776 2451 cantandis“.

340 2496 415 2560 852.
462 2491 580 2556 Chorus
605 2492 641 2555 de
664 2491 785 2557 Aurora
809 2493 912 2557 dicens
936 2493 1057 2556 cantat:

384 2595 576 2663 τεκνοποιὸν
597 2591 716 2680 ἐ’χουσα
738 2598 837 2663 τᾶσδε

386 2707 444 2792 γᾶς
468 2704 566 2771 πᾶσιν
589 2703 622 2770 ἒν
645 2704 822 2788 θαλάμοις.
862 2705 961 2770 τᾶσδε
983 2706 1042 2791 γᾶς
1064 2708 1100 2773 Ρ.
1135 2705 1213 2771 τάδε
1235 2707 1295 2794 γᾶς

250 2818 288 2882 V.
336 2817 414 2882 Cum
438 2815 605 2881 scholiasta
628 2815 764 2898 explicet
788 2809 806 2879 δ’
829 2812 916 2879 ἐστιν
939 2809 1020 2902 αὕτη
1042 2809 1061 2901 ἡ
1085 2809 1198 2901 ἡμέρα,
1222 2815 1295 2890 πῶς

251 2925 397 3014 περιεῖδε
421 2921 478 2989 τὸν
498 2916 591 2988 ὀλοὸν
612 2924 728 2989 τοῦτον
752 2916 891 3010 ὄλεθρον
911 2919 967 2987 τὸν
991 2919 1074 2985 κατὰ
1096 2919 1215 3007 ταύτην
1238 2918 1295 3008 τὴν

251 3034 307 3120 γῆν
324 3031 504 3118 ἐπηρμένον
516 3032 647 3095 καὶτῶν
666 3030 853 3117 περγάμων,
875 3033 983 3094 καίτοι
1004 3022 1104 3116 ᾶνδρα
1126 3020 1246 3110 ’ἔχουσα
1263 3024 1295 3092 ἒν

250 3139 353 3225 ταύτῃ
375 3136 566 3203 τεκνοποιόν
591 3164 619 3202 κ.
634 3162 663 3202 τ.
681 3139 720 3220 λ,,
744 3139 775 3202 in
794 3158 848 3204 suo
873 3138 976 3203 codice
1000 3137 1123 3204 videtur
1143 3139 1295 3204 invenisse

251 3246 330 3334 τᾷδε
351 3247 402 3334 γᾷ,
427 3247 509 3329 quod
532 3247 724 3331 Hartungius
746 3247 777 3310 et
799 3245 976 3310 Dindorlius
1005 3247 1038 3309 in
1058 3247 1176 3311 textum
1209 3264 1294 3311 rece-

251 3356 363 3440 pemnt
392 3354 530 3420 dativum
562 3354 715 3418 commodi
744 3353 960 3438 intellegentes
1000 3353 1052 3438 (cf.
1081 3353 1169 3418 Hart.
1200 3352 1293 3435 adn).

253 3463 315 3530 Sed
342 3463 374 3528 id
406 3467 488 3529 certe
520 3462 647 3528 minoris
677 3462 828 3527 momenti
855 3461 911 3539 est,
946 3461 1026 3542 quod
1056 3460 1139 3526 lilius
1169 3460 1296 3524 Tithoni

253 3574 397 3638 Memnon
422 3572 572 3655 Trojanos
593 3571 720 3654 adjuvit,
751 3570 850 3652 primo
874 3569 940 3634 loco
966 3570 1048 3634 certe
1073 3587 1108 3633 ea
1136 3567 1173 3631 de
1204 3585 1297 3631 causa

254 3680 374 3746 Aurora
397 3681 507 3764 Trojae
534 3678 698 3762 perniciem
720 3678 785 3761 pati
815 3696 873 3742 non
900 3675 1040 3755 debebat,
1072 3676 1145 3758 quia
1177 3693 1216 3738 ex
1238 3674 1296 3738 hae

254 3791 328 3856 urbe
353 3789 498 3854 maritum
537 3787 679 3852 habebat.
728 3785 835 3866 Itaque
869 3785 1031 3870 genetivus
1061 3783 1222 3860 locativus,
1258 3781 1295 3846 de

254 3920 314 3981 quo
337 3920 367 3965 v.
393 3897 527 3980 Kriigeri
548 3918 593 3982 gr.
620 3916 665 3980 gr.
693 3897 745 3972 46,
774 3896 802 3971 1,
828 3897 857 3972 6,
883 3892 999 3976 optime
1023 3911 1055 3958 se
1080 3891 1183 3956 babet.

344 4007 402 4072 His
423 4006 499 4072 locis
522 4003 720 4088 perlustratis
745 4002 845 4068 dicere
869 4000 982 4081 aliquis
1012 4000 1124 4083 potest,
1153 3997 1296 4064 meliores
