3060 4574
608 321 828 386 ...13-

202 509 314 597 ίάθρα
336 511 367 575 in
389 513 509 577 textum
532 511 655 575 illatum
680 512 730 588 sit,
759 549 800 558 -
822 529 896 574 narn
920 509 980 573 hoo
1004 508 1171 596 τλημόνως
1195 532 1247 577 er·

202 617 347 700 plicuiase
371 619 459 683 extra
480 619 546 684 veri
582 619 718 702 speeiem
739 617 874 700 positum
898 655 939 666 —-
962 614 1074 702 λάθρα
1109 639 1146 684 ea
1179 621 1247 702 ipsa

205 725 242 792 de
266 745 361 790 eausa
374 726 567 808 adscriptum
585 729 641 801 est,
667 726 739 806 quia
754 725 970 809 progrediente
994 725 1113 791 satione
1138 727 1247 792 edooe-

203 851 279 910 mur,
298 832 427 897 Hecuba
442 834 602 918 ignorante
619 833 805 916 Polyxenam
821 833 1016 897 immolatam
1034 851 1110 897 esse.
1141 832 1246 914 Atque

203 939 278 1003 inv
301 940 493 1022 adscriptum
510 940 558 1004 est
581 936 749 1025 γράφεται)
773 941 828 1003 καὶ
850 936 962 1026 οἰκτρὰ
982 936 1004 1004 ὃ
1028 941 1083 1003 καί
1106 932 1247 1021 ἄμεινον.

206 1045 315 1111 Nonne
340 1047 438 1131 igitur
463 1047 630 1112 verisimile
654 1048 710 1123 est,
734 1047 808 1112 olim
830 1049 862 1110 in
886 1050 1019 1130 utroque
1048 1047 1151 1112 oodioe
1175 1053 1247 1113 tan-

204 1153 269 1218 tum
295 1150 408 1239 οἰκτρὰ
431 1155 547 1218 lectum
564 1154 659 1218 fuisse
683 1159 779 1234 atque
802 1155 939 1237 inpetro
960 1156 1074 1223 oodiois
1091 1157 1119 1222 V
1136 1153 1247 1241 λάθρα

205 1263 448 1345 agrammatioo
476 1261 618 1343 quodam,
656 1263 707 1343 qui
742 1281 807 1326 rem
842 1267 952 1344 postea
982 1264 1098 1329 laetam
1125 1268 1190 1350 jam
1215 1265 1247 1328 irr

204 1369 331 1453 prologo
345 1369 514 1453 significari
530 1369 665 1446 volebat,
683 1369 871 1452 adscriptum
891 1374 982 1435 esse?
1016 1373 1087 1437 Nisi
1109 1374 1246 1439 statuere

204 1477 311 1554 mavis,
346 1477 410 1559 jam
444 1477 477 1540 in
498 1477 662 1559 archetypo
686 1477 848 1557 utriusque
874 1477 987 1542 codicis
1020 1479 1108 1544 illam
1142 1485 1248 1545 notam

205 1583 445 1665 superseriptam
470 1603 537 1648 esse
562 1603 690 1664 eamque
714 1584 800 1648 inid
824 1603 921 1669 genus
945 1587 1095 1665 codicum,
1121 1587 1247 1668 quodV

204 1693 426 1772 repraesentat,
467 1693 640 1774 temporum
687 1691 818 1756 decursu
856 1711 911 1774 pro
949 1695 1082 1776 genuina
1115 1693 1247 1759 lectione

204 1797 372 1878 irrepsisse,
406 1799 567 1864 anero
596 1803 735 1881 spretam
775 1819 850 1865 esse.
911 1799 1108 1884 Adjeotivum
1143 1803 1247 1866 autem

205 1901 317 1988 οἰκτρά
347 1905 468 1970 dicendi
492 1906 561 1970 usui
583 1907 741 1988 Euripidis
767 1907 857 1990 plane
890 1909 1156 1973 accommodatum
1188 1909 1245 1986 est

207 2011 260 2090 qui
284 2012 464 2077 adverbium
488 2015 520 2077 et
542 2013 732 2096 adjectivum
756 2015 894 2098 ejusdem
923 2015 985 2079 fere
1014 2016 1248 2099 significationis

200 2119 288 2201 juxta
322 2139 434 2202 ponere
467 2121 560 2184 amat.
607 2121 645 2185 ol.
685 2125 769 2185 1113
804 2120 947 2206 δύστηνε,
984 2119 1102 2206 κρατὸς
1137 2117 1181 2197 ὥς
1217 2115 1246 2185 o’

204 2223 324 2312 ἔκειρεν
347 2221 476 2304 ἀθλίως
495 2233 585 2314 τείχη
609 2229 756 2314 πατρῴα.
789 2230 965 2294 30111226
989 2229 1081 2291 πᾶσα
1106 2227 1141 2292 ἀὲ
1158 2227 1249 2314 ζητεῖ

204 2331 302 2410 πόλις
329 2331 386 2420 τὴν
420 2328 549 2411 ἀθλίως
578 2333 766 2399 σπεύσασαν
799 2329 922 2398 ἀθλίαν
957 2330 1031 2399 ὁδόν
1053 2337 1154 2400 'Proad
1180 2339 1245 2402 446

204 2437 302 2517 κακὸς
338 2443 445 2517 κακῶς
479 2440 629 2529 παρήσει.
676 2443 759 2507 Med.
797 2445 894 2509 1386.
941 2444 980 2508 ef.
1009 2444 1105 2510 etiam
1129 2444 1245 2509 Phoen.

206 2549 330 2631 16961).

201 2695 204 2702 ·
297 2659 368 2721 123.
410 2647 506 2720 Ἴλιον
528 2653 616 2740 ἱερὰν
639 2658 675 2719 αἲ
698 2654 826 2733 κώπαις
848 2657 961 2719 aad.
997 2654 1086 2743 ἱερὰν
1100 2659 1136 2721 P.
1162 2653 1248 2740 ἱερὸν

207 2761 245 2839 V,
261 2763 344 2842 quod
359 2763 518 2828 Nauolrius
538 2763 668 2844 recepit3
693 2763 747 2827 sed
764 2760 852 2848 ἱερὰν
864 2767 964 2828 metro
976 2764 1161 2845 postulatur,
1176 2782 1246 2826 oum

204 2870 384 2950 praesertim
410 2870 456 2934 sio
485 2870 581 2934 etiam
612 2871 761 2950 quattuor
790 2871 897 2933 breves
927 2870 1064 2953 syllabae
1094 2870 1124 2932 in
1156 2888 1247 2934 versu

205 2979 370 3058 anapaesto
397 2978 588 3042 eonomrarrt.
637 2975 763 3058 (Christ.
792 2977 882 3040 Matr.
910 2977 927 3058 ξ
952 2979 1041 3060 282).
1089 2975 1247 3041 Feminina

204 3081 302 3147 forma
319 3075 426 3162 Ἴλιος,
463 3103 525 3164 qua
558 3083 725 3166 Sophocles
754 3083 915 3160 abstinuit,
952 3084 1034 3166 apud
1069 3083 1246 3167 Euripidem

204 3189 320 3274 legitur
343 3191 454 3255 'l'road
483 3194 581 3256 1295.
628 3191 724 3255 Aodr.
750 3193 823 3269 103,
851 3192 956 3274 (Rhea.
982 3191 1069 3276 1rr)·

296 3299 370 3362 127.
417 3299 546 3363 Heouba
569 3298 658 3362 dioit:

340 3404 467 3490 πρῷραι
491 3405 576 3468 ναιῦν
597 3397 710 3468 ὠκεῖαι

332 3502 428 3574 Ἴλιον
452 3509 539 3598 ἱερὰν
560 3513 596 3574 αἳ
611 3508 740 3587 κώπαις

339 3609 382 3682 δι’
407 3613 469 3680 ἀλα
495 3615 738 3704 ιιαριρνροειδεά
761 3619 816 3681 καί.
839 3617 970 3698 λιμένας

338 3717 491 3801 Ἑλλάδος
512 3719 668 3810 εὐόρμους

276 3967 296 4036 ¹)
314 3966 350 4020 bl.
369 3967 500 4020 Selrruidti
519 3967 600 4036 igitur
617 3967 769 4034 oorrjeoluru
787 3965 890 4034 θαλεραὶ
909 3966 986 4020 laoile
1003 3965 1160 4020 carebimus.
