3060 4574
657 384 790 484 *40
837 419 877 432 ..-

252 566 391 655 evitaret,
416 572 457 639 τὰ
481 568 510 639 δ’
535 573 669 640 οἴκοθεν
691 567 773 638 καίν’
798 573 964 657 scripserit.
995 573 1033 638 of.
1059 593 1087 638 v.
1114 575 1189 638 959.
1225 572 1295 638 Hel.

255 687 340 749 1399
367 673 392 746 ὦ
415 679 524 758 καινὸς
547 677 623 768 ἡμῖν
640 679 748 758 πόσις.
945 747 947 752 ,

342 789 416 855 Inde
441 809 459 854 a
481 809 510 854 v.
535 792 599 854 988
630 789 760 854 Hecuba
790 787 925 871 exponit,
959 787 1012 867 qui
1037 785 1154 851 factum
1178 787 1229 866 sit,
1263 787 1299 850 ut

252 897 373 964 Helena
392 896 538 961 Paridem
559 897 756 978 sequeretur:

389 998 485 1078 ὃοὸς
509 995 538 1066 δ’
564 999 641 1066 ἰδών
662 1025 710 1066 νιν
734 1003 808 1079 νοῦς
832 997 977 1086 ἐποιήθη
1001 997 1139 1086 Κύπρις.

389 1105 429 1173 τὰ
445 1108 539 1194 μῶρα
562 1105 622 1195 γὰρ
642 1102 739 1173 πάντ’
764 1106 850 1174 ἐστὶν
872 1100 1044 1194 Ἀφροδίτη
1066 1112 1207 1193 βροτοῖς,

387 1216 443 1280 καὶ
465 1206 589 1296 τοῦνομ’
622 1211 733 1301 ὂρθῶς
757 1209 941 1302 ἂφροσύνης
961 1205 1053 1299 ἄρχει
1077 1215 1171 1291 θεᾶς.

284 1327 359 1391 991.
387 1319 422 1388 ὃν
445 1320 611 1387 εἰσιδοῦσα
634 1320 811 1409 βαρβάροις
836 1319 1001 1409 ἐσθήμασι

388 1429 496 1516 χρυσῷ
520 1452 556 1494 οε
576 1427 726 1516 λαμπρὸν
749 1427 983 1515 ἐξεμαργώθης
1009 1430 1138 1515 φρένας.
1180 1427 1232 1494 Sic
1260 1431 1296 1494 P.

254 1541 291 1606 V.
316 1534 351 1603 ὃν
376 1587 383 1602 .
408 1587 415 1601 .
442 1586 448 1599 .
475 1534 598 1600 ἰδοῦσα.
645 1539 782 1602 Verbum
807 1534 983 1616 εἰσιδοῦσα,
1008 1535 1092 1618 qnod
1117 1537 1299 1619 Ppraebet,

253 1667 308 1731 per
332 1665 363 1711 se
389 1645 588 1728 aptissimum
614 1646 705 1722 esset,
732 1645 786 1709 sed
810 1663 880 1710 oum
903 1643 1071 1709 relativum
1095 1638 1130 1707 ὃν
1144 1644 1218 1708 ferri
1241 1662 1300 1708 non

253 1755 363 1838 possit,
389 1751 558 1817 verisimile
575 1752 632 1830 est,
658 1752 806 1836 majorem
822 1753 1029 1835 corruptelam
1052 1751 1187 1816 subesse.
1219 1750 1302 1815 Nam

253 1863 321 1927 fieri
342 1879 405 1924 non
428 1877 528 1942 posse,
554 1863 591 1923 ut
614 1859 672 1924 hoc
687 1878 858 1942 pronomen
875 1859 913 1924 ad
937 1883 995 1939 νιν,
1020 1877 1114 1940 aquo
1132 1858 1301 1940 compluri-

253 1972 311 2034 bus
351 1966 522 2032 enuntiatis
560 1966 733 2050 sejunctum
772 1967 828 2045 est,
867 1964 1026 2044 referatur,
1062 1968 1147 2031 recte
1182 1965 1303 2028 monuit

253 2076 412 2142 Nauckius
435 2074 456 2138 l.
480 2073 501 2138 i.
538 2094 567 2156 p.
595 2077 667 2138 159.
715 2074 929 2139 Kirchhoffius
964 2075 996 2138 in
1033 2073 1079 2138 ed.
1106 2073 1137 2136 ll
1171 2071 1303 2155 conjecit

255 2176 370 2249 οὐκοῦν
403 2179 516 2247 ἰδοῦσα
548 2185 603 2246 aut
643 2177 682 2246 οὺ
714 2177 742 2245 δ’
782 2171 838 2246 οὖν
874 2179 999 2263 ἰδοῦσα,
1040 2178 1201 2246 Nauokius
1235 2179 1302 2261 ipso

253 2291 396 2375 uestigiis
416 2290 530 2355 codicis
562 2289 759 2368 Hauniensis,
794 2290 847 2372 qui
877 2291 1005 2373 praebet
1035 2281 1142 2372 ὃούβΙ
1177 2283 1301 2365 ἰδοῦσα,

254 2399 401 2462 insistens
431 2396 557 2479 scripsit
588 2393 627 2460 σὺ
656 2397 732 2481 γοῦν
764 2393 889 2461 ἰδοῦσα.
937 2395 998 2462 Sed
1029 2415 1100 2460 cum
1130 2394 1186 2459 illa
1215 2394 1302 2460 Hav-

254 2504 369 2569 niensis
393 2502 546 2586 scriptura
568 2502 651 2567 haud
683 2502 775 2567 (lubio
808 2504 1023 2587 econjoctura
1053 2501 1192 2585 prolecta
1221 2501 1300 2585 οἱοὶ),

254 2611 415 2677 Nauekius
451 2629 510 2674 non
543 2609 646 2694 magis
666 2608 707 2674 ad
737 2609 869 2692 vestigia
905 2609 1020 2676 tradita
1056 2609 1176 2676 accedit
1209 2627 1302 2689 quam

254 2717 473 2784 Kirchholfius.
534 2715 728 2782 Sententiam
769 2736 840 2782 vero
892 2735 969 2798 queo
1007 2717 1174 2799 requiritur
1217 2716 1303 2780 nulla

253 2826 363 2891 harum
390 2825 633 2910 conjecturarum
672 2825 815 2891 assecuta
851 2845 918 2892 esse
952 2826 1028 2890 mihi
1060 2825 1192 2891 uidetur.
1240 2825 1301 2888 Res

256 2934 338 2998 enim
359 2934 404 2997 ita
438 2932 594 2998 sehabet.
649 2934 778 2999 Hecuba
808 2933 908 3014 primo
936 2933 1004 2998 loco
1037 2931 1301 3016 pulchritudinem

254 3040 376 3104 Paridis
399 3040 489 3104 effert
521 3059 616 3120 eaque
652 3040 728 3104 dicit
750 3039 904 3104 Helenam
926 3041 973 3104 ita
1004 3041 1126 3123 captam
1153 3058 1229 3117 esse,
1266 3038 1302 3104 ut

255 3147 352 3212 stulte
374 3148 492 3232 ageret,
525 3148 545 3213 i.
573 3167 598 3214 e.
636 3147 672 3212 ut
705 3147 853 3211 maritum
877 3147 1043 3212 desereret.
1090 3147 1172 3212 Nam
1206 3147 1302 3212 verba

287 3327 315 3332 -.-
322 3327 466 3334 —.-.--—..—

342 3426 361 3493 ¹)
379 3425 419 3478 De
437 3425 487 3478 hoo
514 3424 586 3477 enim
610 3424 700 3478 codice
724 3425 777 3478 stat
802 3423 942 3493 judicium
961 3423 1164 3478 Wilamowitzii
1187 3425 1214 3476 in
1233 3423 1301 3478 anal.

253 3509 316 3564 Eur.
336 3527 361 3578 p.
381 3511 397 3563 2
416 3513 443 3563 et
460 3510 509 3566 207
534 3512 561 3563 et
577 3510 679 3563 Prinzii
697 3511 726 3562 in
744 3509 805 3563 edit.
824 3509 893 3565 Med.
912 3527 937 3578 p.
956 3510 1004 3564 IX.
1041 3511 1073 3564 In
1095 3510 1241 3564 monadibus
1268 3525 1302 3562 ex
1336 3495 1338 3502 ¹

252 3596 411 3650 Kirohhoffii
435 3598 605 3650 adnotatione
630 3597 662 3650 97
686 3595 758 3650 locos
781 3597 928 3662 muneravi,
955 3597 1052 3664 quibus
1079 3597 1242 3650 aVeticano
1260 3612 1301 3648 ro-

253 3682 331 3748 cedit
355 3698 468 3751 quorum
486 3682 595 3751 pluu'mi
618 3682 657 3736 ita
680 3683 825 3750 comparati
849 3685 918 3751 sunt
942 3687 973 3736 ut
999 3681 1163 3736 Huvniensis
1186 3681 1302 3750 scriptor

253 3769 378 3824 Vaticani
395 3767 523 3823 lectiones
542 3771 589 3822 aut
607 3768 727 3824 consulto
745 3769 945 3837 interpolaverit
974 3770 1020 3824 aut
1041 3785 1128 3823 errore
1148 3769 1300 3822 mutaverit.

254 3856 287 3910 18
305 3857 409 3910 tantum
426 3855 493 3910 locis
511 3855 636 3909 Vaticani
655 3871 755 3910 errores
774 3857 888 3910 correxit
905 3860 985 3925 atque
1002 3857 1044 3909 bis
1065 3857 1099 3922 (v.
1112 3855 1162 3909 226
1182 3857 1301 3924 Κρᾶθις,

253 3943 304 3999 636
331 3942 403 4005 κείνη
429 3940 455 3992 δ’
475 3941 575 4012 ὁμοίως
592 3959 639 4010 pro
665 3939 751 4006 ἐκείνη
774 3941 798 3994 σ’
817 3941 928 4012 ὁμοίως)
950 3943 996 4012 ita,
1023 3944 1054 3996 ut
1081 3941 1154 3996 solus
1181 3941 1301 3997 omnium

253 4047 345 4086 veram
363 4029 523 4101 scripturam
542 4028 673 4084 exhibeat.
