3060 4574
675 362 895 425 ...12-

271 549 358 616 velut
386 549 417 613 in
440 569 468 614 1.
495 551 569 628 540,
595 550 649 614 ubi
671 551 843 633 explicatur
863 547 975 636 φοίνιά
998 573 1035 616 cc
1057 551 1209 637 coaptet:
1241 545 1313 616 ἀντὶ

272 657 330 720 τοῦ
355 660 478 742 φονέως
501 649 574 743 ἢτοι
597 660 823 743 φοινιχθέντα,
844 677 917 723 vera
935 659 1028 723 lectio
1053 663 1102 724 est
1126 656 1237 744 φόνια.

363 765 447 843 Quae
479 766 505 830 si
535 765 617 830 recte
649 765 808 846 disputata
840 767 920 842 sunt,
954 770 1091 849 apparet,
1128 767 1313 840 scholiastae

273 872 490 938 auctoritatem
509 873 576 936 tum
592 873 712 936 tantum
727 872 857 936 maximi
872 872 1043 938 faciendam
1060 892 1136 951 0000,
1159 875 1185 938 01
1199 873 1314 940 0011010

272 981 297 1044 P
331 979 481 1044 lectiones
514 980 611 1058 affert,
648 983 755 1044 eontra
780 980 899 1044 sicum
926 981 954 1044 V
985 981 1068 1060 tacit,
1096 981 1314 1046 auctoritatem

272 1087 337 1170 ejus
362 1105 397 1150 00
417 1087 540 1152 tantum
563 1087 676 1165 valere,
707 1086 789 1167 quod
823 1105 862 1153 ox
886 1086 944 1151 huc
972 1107 1005 1153 10
1036 1090 1184 1171 cognosci
1199 1089 1313 1171 potest,

268 1193 334 1276 jam
358 1194 390 1258 in
414 1213 469 1259 evo
494 1195 636 1260 Vaticani
658 1195 728 1258 illas
752 1195 899 1260 lectiones
923 1195 1060 1262 infuisse.

612 1401 743 1486 Caput
771 1403 999 1468 secundum.

363 1524 522 1590 Nauckius
547 1525 581 1590 in
616 1524 697 1590 stud.
735 1527 807 1590 Eur.
826 1526 856 1590 ll
879 1546 949 1610 pag.
986 1529 1048 1592 127
1074 1546 1119 1608 sq.
1168 1529 1316 1593 1810000

274 1632 472 1710 enumeravit,
498 1632 609 1712 quibus
628 1632 835 1698 llirchhoffius
858 1633 937 1698 false
959 1636 987 1700 V
1010 1633 1221 1717 praetulisset,
1246 1654 1315 1698 cum

273 1741 299 1803 P
320 1739 479 1804 meliorem
503 1740 668 1806 lectionem
691 1741 863 1822 praeberet,
890 1742 971 1822 quod
994 1742 1039 1805 ita
1067 1741 1170 1819 euicit,
1195 1742 1231 1806 ut
1250 1742 1316 1823 ipse

273 1847 483 1913 Kirehholfius
508 1847 540 1911 in
568 1847 662 1912 tertia
692 1847 826 1912 editione
861 1848 1004 1928 plun'mis
1037 1847 1146 1913 horum
1179 1847 1316 1913 locorum

273 1953 413 2018 Nauckio
442 1954 674 2036 obsequeretur.
730 1954 831 2019 Multo
860 1955 965 2037 plures
997 1973 1173 2020 enumerare
1203 1955 1315 2036 potuit,

274 2061 337 2126 nisi
360 2062 426 2142 ipsc
453 2081 489 2126 ca
512 2062 665 2126 sententia
688 2065 798 2142 captus
823 2062 914 2139 esset,
948 2063 973 2126 P
998 2061 1159 2128 deterioris
1182 2061 1318 2126 familiae

277 2171 308 2235 et
329 2171 362 2235 in
385 2168 629 2236 universume
654 2168 898 2251 anteponendum
923 2188 989 2234 esse
1014 2168 1065 2251 (of.
1087 2169 1108 2232 l.
1132 2169 1153 2234 i.
1176 2189 1206 2250 p.
1232 2169 1319 2252 135),

274 2277 426 2356 Equidem
461 2282 544 2342 certe
578 2294 759 2360 persuasum
793 2279 892 2354 teneo,
928 2277 1049 2359 praeter
1081 2275 1153 2340 illos
1187 2277 1227 2338 18
1259 2293 1318 2338 non

275 2403 389 2465 paucos
415 2387 537 2450 exstare
562 2385 657 2460 locos,
684 2384 795 2464 quibus
820 2384 845 2446 P
867 2384 995 2446 meliora
1012 2381 1156 2446 exhibere
1177 2380 1319 2445 accurata

276 2491 445 2554 sententiae
472 2491 503 2553 01
524 2491 632 2571 poetae
654 2507 728 2552 usus
752 2489 873 2554 dicendi
895 2488 974 2552 ratio
992 2487 1109 2552 doceat.
1157 2486 1252 2570 Cujus
1274 2487 1320 2552 101

275 2597 434 2679 complure
459 2596 597 2676 exempla
612 2596 679 2678 jam
697 2596 862 2677 proferam.

365 2724 394 2769 v.
421 2706 473 2769 40.
523 2703 688 2784 Neptunus
713 2702 750 2768 10
774 2704 903 2768 Ηο0110
923 2703 1047 2768 locutus
1070 2701 1161 2766 dicit:

410 2801 429 2896 ᾗ
453 2821 535 2887 παῖς
557 2809 616 2892 μὲν
640 2803 728 2896 ἀμφὶ
750 2804 847 2897 μνῆμ’
869 2804 1044 2891 Ἀχιλλείου
1066 2808 1174 2895 τάφου

413 2916 524 3006 οἰκτρὰ
550 2921 689 3004 τέθνηκε
712 2916 880 3004 τλημόνως
907 2919 1081 3003 Πολυξένη.
1129 2913 1240 3002 λάθρα
1265 2935 1320 2998 pro

277 3023 389 3113 οἰκτρὰ
412 3027 541 3110 praebet
562 3029 600 3104 V,
627 3026 710 3107 quod
738 3043 842 3090 omnes
870 3025 1056 3092 recentiores
1092 3023 1225 3088 editores
1261 3042 1321 3087 unc

185 3130 188 3136 ’
277 3135 418 3200 Nauckio
462 3135 590 3216 excepto
635 3151 742 3198 verum
787 3133 910 3196 habent.
982 3130 1138 3195 Seidlerus
1179 3130 1320 3196 adnotat:

277 3243 426 3324 „egregia
448 3243 526 3306 haee
555 3241 649 3306 lectio
679 3237 815 3324 (λάθρα)
849 3239 896 3302 001
925 3239 956 3303 01
987 3238 1085 3302 altere
1115 3237 1199 3302 haud
1229 3237 1320 3302 dubie

276 3349 394 3416 melior.
448 3349 572 3415 Etenim
603 3349 683 3412 clem
722 3346 852 3411 Hecuba
889 3345 1002 3410 factem
1041 3364 1108 3410 0000
1146 3345 1321 3429 Polyxenus

276 3457 531 3535 immolationem,
569 3455 710 3522 videmus
746 3474 763 3518 e
792 3453 932 3519 versibus
960 3454 1027 3518 260
1059 3453 1152 3536 (264)
1188 3457 1221 3518 01
1257 3454 1320 3516 618

278 3565 370 3648 (623)
395 3571 464 3644 00)*
512 3565 579 3629 Hoc
599 3563 724 3652 quidem
747 3562 792 3628 ita
816 3581 848 3628 00
871 3561 974 3638 habet,
1005 3560 1061 3626 001
1083 3561 1188 3624 tamen
1211 3557 1322 3643 λάθρα

278 3672 442 3756 genuinam
469 3673 634 3738 lectionem
663 3689 722 3734 non
758 3689 824 3736 0000
859 3670 925 3752 jam
952 3668 1024 3732 inde
1064 3669 1200 3750 apparet,
1240 3667 1322 3747 quod

277 3781 423 3863 Neptuno
460 3799 496 3846 ea
525 3777 721 3846 incommoda
752 3778 898 3843 Hecubae
935 3776 1135 3853 enumeranti,
1169 3777 1208 3840 ob
1243 3795 1321 3855 quae

280 3890 426 3955 lacrimas
446 3887 557 3966 fundit,
578 3888 636 3952 hoc
659 3885 908 3951 additamentum
928 3903 1053 3967 prorsus
1085 3902 1142 3948 non
1169 3884 1319 3948 convenit.

369 3998 546 4074 Praeterea,
571 4013 639 4060 cum
663 3993 806 4078 intellegi
829 4012 891 4059 non
915 3992 1024 4076 possit,
1051 3993 1104 4072 qui
1129 3986 1240 4075 οἰκτρὰ
1265 4007 1321 4072 pro
