3060 4574
680 287 901 350 ..15-

273 478 401 542 Hecuba
425 495 457 542 se
489 474 651 560 Talthybii
682 477 846 559 praecepto
878 476 1007 557 obsequi
1038 475 1119 540 velle
1150 477 1318 560 significat,

273 585 304 648 in
323 585 530 666 suspicionem
547 585 682 649 vocetur.
731 584 820 663 Quod
842 585 878 648 ut
894 584 1032 648 servetur
1049 584 1203 666 simulque
1219 585 1318 649 metro

275 693 461 771 consulatur,
497 692 672 768 statuerim,
717 691 880 756 verborum
916 691 1052 756 ordinem
1088 691 1177 755 initio
1211 711 1318 756 uersus

277 801 432 864 mutatum
451 818 525 877 esse,
553 815 645 880 quam
662 817 726 862 rem
745 817 835 881 saepe
852 799 883 862 in
900 799 1057 863 codicibus
1073 799 1188 863 nostris
1205 799 1319 864 factam

275 926 343 971 esse
368 907 499 971 constat.
522 905 560 970 cf.
582 924 627 969 rs.
654 908 697 969 64
721 905 752 968 et
777 907 850 970 846.
871 982 874 990 ι
899 903 1101 970 Scribendum
1123 906 1219 990 igitur
1242 910 1318 987 puto
1396 897 1398 904 ⁴

273 1018 324 1088 τίς
348 1005 411 1098 ἄρα
435 1005 555 1093 τούμὸν
580 1009 674 1091 ἔλαχε
697 1013 800 1092 τέκος,
825 1010 937 1076 ἔννεπε
961 1012 1009 1074 ad.
1034 1019 1066 1074 Κ
1070 1036 1076 1090 ;

364 1123 439 1188 296.
475 1119 660 1203 Talthybius
684 1119 761 1184 dicit
781 1119 851 1183 inde
875 1139 893 1184 a
916 1139 944 1184 ν.
970 1122 1054 1184 294:

406 1219 449 1290 ’ἴτ’
472 1223 652 1308 ἐκκομίζειν
675 1225 769 1312 δεῦρο
793 1225 985 1314 Κασάνδραν
1006 1223 1108 1314 χρεών

410 1331 485 1398 ὅσον
505 1332 653 1414 τάχιστα,
680 1334 795 1416 δμῶες,
822 1330 865 1411 ὡς
889 1333 1092 1422 στρατηλάτῃ

408 1439 455 1518 εἰς
479 1452 571 1526 χεῖρα
596 1439 672 1517 δούς
694 1467 742 1506 νιν
766 1438 837 1506 εἶτα
860 1440 919 1518 τὰς
943 1440 1132 1529 εἰληγμένας

406 1550 462 1612 καὶ
486 1560 590 1612 τοῖσιν
614 1540 725 1625 ἄλλοις
749 1547 998 1631 αἰχμαλωτίδων
1019 1543 1098 1636 ἅμα).

274 1655 351 1733 δούς
367 1681 415 1720 νιν
430 1659 465 1721 Ρ.
505 1655 610 1737 δῶμεν
631 1658 669 1734 V,
698 1657 778 1738 quod
795 1657 1005 1722 Kirchhoffius
1030 1657 1211 1738 exquisitius
1227 1663 1318 1722 vocat

244 1769 309 1829 ‘ct
345 1764 504 1828 Nauchius
539 1782 659 1843 qnoque
695 1764 821 1847 recepit.
863 1763 924 1829 Sed
961 1783 1017 1848 ego
1055 1765 1132 1828 milri
1165 1765 1314 1847 persuasi,

270 1872 411 1937 Palatini
433 1871 599 1936 lectionem
624 1877 655 1934 et
677 1871 775 1936 forma
799 1873 830 1935 et
855 1872 1006 1936 sententia
1026 1873 1126 1956 magis
1158 1891 1314 1936 commen-

276 1979 350 2044 dari.
398 1979 480 2042 Nam
502 1979 528 2042 si
551 1977 776 2042 Kirchhclfinm
799 1979 966 2060 sequimur,
991 1979 1022 2064 in
1040 1979 1208 2057 enuntiato,
1234 1979 1316 2061 quod

272 2081 342 2150 εἶτα
358 2085 537 2163 introducit,
556 2103 611 2166 pro
624 2086 781 2166 praesenti
795 2085 936 2150 futurum
951 2087 1073 2168 tempus
1091 2087 1313 2170 exspectamus,

271 2211 343 2258 cum
366 2194 397 2257 in
420 2193 502 2256 hunc
525 2193 626 2256 locum
651 2211 711 2256 non
742 2193 833 2257 cadat
862 2193 944 2273 qnod
968 2194 1164 2278 grammatici
1196 2194 1233 2256 de
1257 2212 1315 2256 usn

269 2300 440 2382 praesentis
462 2317 517 2381 pro
541 2299 645 2364 futuro
678 2300 822 2365 statuunt
855 2301 905 2382 (cf.
932 2302 986 2364 Kr.
1012 2321 1056 2381 gr.
1082 2319 1127 2383 gr.
1154 2303 1172 2382 ᾗ
1197 2302 1250 2377 53,
1285 2301 1312 2376 1,

273 2409 390 2490 deq).
435 2405 582 2488 Ejusdem
615 2405 695 2468 enim
729 2407 849 2487 generis
881 2407 928 2470 est
962 2426 990 2470 ν.
1019 2408 1114 2483 1018,
1147 2407 1202 2470 ubi
1236 2406 1313 2469 Din-
1390 2469 1394 2476 ,

272 2513 386 2578 dorfius
415 2513 446 2576 et
474 2512 540 2592 ipse
564 2512 724 2575 Nauchius
748 2512 886 2576 codicum
912 2513 1039 2576 lectioni
1076 2514 1201 2593 πέμπω
1231 2513 1313 2576 recte

272 2623 401 2705 πέμψω
415 2619 654 2683 substituerunt.
692 2618 793 2698 Quid?
818 2619 898 2700 quod
917 2619 1069 2683 sententia
1085 2620 1180 2683 etiam
1198 2619 1311 2702 arguit,

273 2726 411 2792 Palatini
445 2725 628 2808 scripturam
664 2728 756 2807 poeta
790 2745 857 2790 esse
888 2725 1082 2810 digniorem?
1122 2726 1204 2790 Nam
1230 2724 1314 2790 chori

269 2833 511 2917 interrogatione
525 2832 708 2918 Talthybius
723 2851 840 2897 memor
857 2833 902 2913 fit,
920 2834 1013 2898 etiam
1027 2834 1162 2914 reliquas
1175 2832 1313 2914 captivas

272 2940 311 3004 ad
336 2941 476 3005 dominos
498 2939 559 3002 sibi
582 2941 716 3024 agendas
741 2959 817 3017 esse,
845 2959 940 3021 eaque
957 2939 994 3004 de
1013 2957 1104 3003 causa
1121 2937 1312 3002 Casandram

274 3066 368 3128 qnam
392 3047 551 3111 celerrime
575 3047 614 3109 ad
638 3046 901 3130 Agamemnonem
922 3049 974 3127 agi
999 3045 1119 3110 debere.
1169 3045 1219 3110 Sic
1241 3066 1313 3111 vere

270 3172 452 3235 praeconem
485 3153 607 3217 incitari
642 3154 823 3234 quaestione
850 3153 943 3217 chori
979 3153 1093 3235 optime
1130 3155 1313 3237 exprimitur

270 3261 403 3325 lectione
425 3260 573 3337 Palatini,
597 3279 674 3341 quae
691 3279 837 3344 magnum
853 3260 1012 3344 negotium
1030 3260 1110 3342 qnod
1128 3261 1312 3346 Talthybius
1439 3286 1451 3308 ν
1518 3237 1519 3266 ³

269 3368 328 3432 sibi
352 3369 470 3433 restare
494 3366 589 3445 videt,
612 3369 643 3432 vi
666 3368 703 3432 ed
726 3368 861 3451 pondere
886 3387 1038 3432 summam
1060 3369 1135 3432 facit
1159 3370 1312 3434 enuntiati

268 3473 381 3553 finalis,
403 3493 473 3539 cum
494 3475 597 3540 sec.V
621 3475 814 3540 enuntiatum
841 3475 1021 3557 primarium
1042 3495 1101 3556 quo
1126 3476 1311 3561 Talthybius

269 3581 430 3646 consilium
463 3583 628 3647 mulierum
663 3582 851 3665 agendamm
887 3583 1041 3664 exprimit,
1087 3583 1247 3647 vivacitati
1300 3583 1313 3646 t

267 3687 441 3753 incitationi
465 3689 577 3772 prioris
603 3689 771 3755 sententiae
803 3709 912 3772 parum
939 3689 1132 3772 respondeat.
1179 3689 1311 3771 Corrup-

268 3796 366 3861 telam
391 3795 463 3861 inV
483 3795 528 3862 ita
552 3798 652 3861 ortam
675 3800 761 3880 puto,
788 3800 824 3862 ut
841 3816 933 3880 supra
949 3793 1026 3872 δούς
1049 3795 1310 3874 describeretur,

269 3904 352 3985 quod
374 3904 406 3968 in
430 3904 551 3968 textum
573 3897 697 3968 illatum
718 3923 786 3969 cnm
810 3928 856 3967 νιν
884 3904 923 3970 ad
945 3902 1050 3985 δῶμεν
1083 3904 1209 3970 coaluit.
1265 3905 1311 3968 De
