3060 4574
677 318 899 382 „34..

263 506 448 592 interposita
473 525 539 573 esse
557 507 738 573 statuentes.
786 508 876 588 Quod
899 509 1002 574 tamen
1023 508 1096 574 ferri
1111 528 1169 575 non
1193 509 1305 592 potest.

262 618 344 681 Nam
367 616 444 680 haec
462 615 557 684 verba
579 615 633 678 νῦν
646 653 688 661 -
703 608 781 700 δρᾷς
802 615 940 698 prosectu
964 635 1024 682 uon
1041 617 1175 700 speciem
1190 616 1308 681 habent

264 723 467 806 parenthesis,
493 722 547 788 sed
569 741 682 808 magno
706 723 799 787 animi
816 723 903 788 metu
926 723 1111 802 dictasunt,
1136 726 1208 808 post
1229 741 1308 804 quae

264 832 358 896 uerba
377 831 433 894 καὶ
456 826 533 912 ἐμὸν
556 823 656 912 δόμον
679 830 873 895 enuntiatum
897 831 1079 912 primarium
1095 830 1308 895 continuantia

264 938 342 1003 mire
378 937 569 1016 claudicant;
608 937 727 1002 accedit
754 975 796 986 -
824 937 857 1002 id
894 937 978 1018 quod
1021 939 1114 1003 etiam
1148 937 1308 1002 Nauekius

263 1046 367 1114 monet
391 1084 442 1123 -,
476 1045 557 1124 quod
591 1045 643 1126 qui
666 1063 772 1110 versus
810 1044 897 1110 audit
932 1045 1022 1110 facile
1059 1045 1234 1123 adducitur,
1273 1045 1309 1110 ut

262 1153 358 1220 verba
385 1153 440 1216 καὶ
472 1148 549 1232 ἐμὸν
578 1149 678 1233 δόμον
713 1155 751 1216 ab
791 1146 868 1239 ὁρᾷς
902 1153 983 1232 quod
1020 1153 1112 1218 modo
1150 1152 1309 1235 praecedit

262 1261 373 1340 struat,
410 1279 487 1342 quae
525 1259 631 1325 tamen
674 1261 866 1326 constructio
904 1280 922 1324 a
956 1261 1110 1326 sententia
1152 1261 1306 1326 abhomet.

261 1369 459 1434 Hermannus
482 1367 579 1449 igitur
611 1368 643 1432 et
672 1366 829 1433 Seidlerus
857 1367 990 1450 profecti
1022 1369 1093 1432 sunt
1125 1387 1143 1432 a
1174 1367 1309 1432 Palatini

262 1475 429 1559 scriptura3
467 1493 612 1562 quorum.
630 1474 684 1538 ille
719 1474 813 1539 scribi
848 1475 946 1539 soluit
980 1468 1069 1559 κόχιδ
1104 1472 1206 1556 δόμον
1234 1473 1306 1539 ἕνθ’

263 1579 452 1668 ἐλοχεύθην,
478 1571 503 1645 ιδ
526 1573 610 1645 τέκν’
633 1578 848 1667 ἐρημσπόλσς,
878 1586 914 1647 ut
936 1582 1173 1667 conjungeretur
1205 1579 1308 1664 δόμον

265 1687 481 1778 ἒρημοπόλος.
530 1688 591 1754 Sed
624 1689 880 1756 exclamationem
905 1680 930 1753 ὦ
947 1679 1037 1754 ’τέκν’
1067 1690 1191 1755 initium
1213 1709 1311 1756 novae

265 1799 438 1864 sententiae
462 1796 563 1862 facere
585 1798 824 1862 consentaneum
848 1798 904 1862 est.
953 1796 1084 1863 Seidleri
1108 1798 1212 1863 autem
1237 1816 1310 1862 con·

258 1907 398 1993 jacturae
420 1905 523 1968 κλαίω
548 1900 649 1985 δόμον
673 1897 745 1967 ἕνθ’
772 1901 951 1990 ἐλοχεύθην
980 1904 1012 1968 id
1040 1904 1173 1970 maxime
1195 1905 1309 1982 obstat,

263 2013 346 2095 quod
372 2013 417 2078 sic
441 2011 535 2077 etiam
570 2011 664 2076 verba
686 2005 888 2098 νόν-ὁρᾷς
923 2012 1116 2095 parenthesis
1151 2013 1218 2078 loco
1254 2031 1310 2094 po-

264 2122 388 2187 nuntur.
435 2118 574 2184 Palatini
593 2118 691 2203 igitur
714 2119 934 2202 scripturalia
956 2119 1081 2185 tantum
1108 2120 1231 2184 videtur
1255 2118 1310 2183 de-

262 2228 346 2293 lendi
377 2246 477 2310 posse,
513 2231 549 2292 ut
586 2222 713 2311 οἰκτρὸν
746 2228 850 2311 glossa
883 2227 1034 2293 habeatur
1069 2228 1200 2312 genitivi
1236 2226 1310 2292 sub·

263 2334 390 2400 stantiui
418 2335 551 2418 alicujus
587 2333 686 2417 (uelut
717 2326 827 2420 ὄλβον)
861 2335 957 2418 atque
986 2354 1041 2419 pro
1077 2332 1177 2417 δόμον
1208 2333 1312 2417 δόμον

270 2443 436 2508 scribatur.
486 2441 547 2507 Sed
562 2460 633 2506 cum
651 2437 779 2527 οἰκτρὸν
795 2443 917 2527 glossae
935 2444 1036 2525 specie
1051 2462 1177 2525 prorsus
1195 2447 1309 2523 careat,

267 2549 412 2632 equidem
447 2568 465 2613 a
496 2548 640 2613 Vaticani
673 2548 813 2632 vestigiis
850 2549 1023 2614 exeundum
1058 2554 1144 2632 puto,
1180 2551 1216 2615 ut
1247 2551 1311 2617 fere

263 2656 417 2723 scribatur
441 2655 495 2719 νῦν
516 2655 609 2731 τέλος
635 2650 762 2741 οἰκτρὸν
787 2649 865 2742 ὁρᾷς
888 2657 943 2720 καὶ
959 2657 1079 2742 (etiam)
1105 2654 1185 2738 ἐμοῦ
1208 2653 1311 2738 δόμον

266 2757 339 2828 ἔνθ)
365 2760 554 2850 ἐλοχεύθην,
578 2781 658 2843 quae
675 2764 830 2830 sententia
846 2765 961 2848 optima
983 2765 1116 2848 quadrat
1132 2765 1172 2830 ad
1187 2783 1311 2831 versum

263 2871 495 2937 antecedentem
519 2889 611 2953 quem
634 2871 838 2937 restituimus.

354 2978 419 3044 665
444 2998 489 3059 sq.
537 2977 754 3045 Andromacha
771 2979 896 3062 nuptias
926 2997 997 3045 eum
1028 2980 1233 3063 Neoptolemo
1262 2980 1311 3044 in·

263 3085 380 3151 enudas
404 3105 436 3151 se
461 3103 555 3168 quam
569 3087 702 3152 maxime
719 3087 829 3152 timere
852 3084 945 3164 dioit;
970 3105 1041 3150 nam
1058 3088 1084 3152 ai
1099 3105 1178 3152 noro
1197 3087 1310 3152 marito

264 3213 332 3259 sese
357 3192 492 3271 dederet,
518 3194 685 3258 Hectorem
709 3193 791 3276 apud
815 3192 929 3257 inferos
952 3212 1042 3275 aegre
1065 3194 1202 3260 laturum
1233 3212 1309 3272 esse,

263 3302 310 3367 sin
333 3301 438 3366 autem
460 3300 533 3365 huic
552 3300 646 3365 fidem
676 3301 821 3379 seruaret,
858 3300 943 3366 illius
967 3301 1045 3366 iram
1082 3321 1115 3367 se
1147 3303 1225 3367 ferre
1257 3301 1312 3366 de-

266 3411 356 3474 bere:

400 3513 453 3579 κεί
474 3514 534 3597 μὲν
558 3507 729 3603 παριόσασ’
749 3509 906 3602 Ἕκτορος
930 3516 1026 3602 φίλον
1049 3512 1132 3600 κόρα

398 3619 483 3708 πρὸς
504 3619 560 3687 τὸν
583 3620 732 3709 παρόντα
756 3619 854 3686 πόσιν
878 3615 1055 3701 όναπτόξω
1079 3624 1191 3709 φρένα,

397 3726 479 3816 κακὴ
505 3729 672 3816 φανοῦμαι
694 3729 741 3815 τῷ
764 3727 903 3794 θανόντι
926 3727 1019 3795 τόνδε
1044 3723 1072 3793 δ’
1094 3720 1135 3793 αὖ

400 3830 565 3923 στέργονσ’
589 3835 730 3924 ἒμαντης
752 3834 929 3914 δεσπόταις
949 3832 1138 3924 μισήσομαι.

400 3947 509 4009 καίτοι
531 3945 678 4031 λέγουσιν
699 3938 743 4021 ὡς
766 3937 813 4026 μι’
839 3938 979 4032 εὐφρόνη
1003 3944 1087 4030 χαλᾷ
