3060 4574
682 298 903 370 „qu

412 490 519 560 αὐλῶν
541 495 657 558 παιᾶνι
674 494 797 579 στυγνῷ

417 607 574 691 συρίγγων
597 595 626 665 τ’
652 595 849 689 εὐφθόγγων
870 601 964 687 φωνᾷ

421 715 591 795 βαίνουσαι
613 735 642 772 κ.
666 734 695 772 τ.
718 710 745 772 λ.
768 747 809 756 -
833 708 927 796 φωνᾷ
950 709 976 774 Ρ
1002 718 1128 794 φωναῖς
1150 708 1189 773 V.

367 820 514 885 Vaticani
536 817 640 894 lectio,
664 835 756 898 quam
779 815 990 881 Kirehhoffius
1024 816 1055 879 et
1085 814 1246 879 Naualius
1270 833 1320 878 re·

278 931 434 1010 oeperunt,
460 925 660 990 concinnitati
684 943 761 1005 quae
793 923 883 987 initio
911 923 1003 1006 hujus
1026 921 1145 1004 periodi
1175 920 1319 998 cernitur,

276 1053 446 1118 repugnare
467 1032 598 1096 videtur.
646 1031 729 1096 Nam
760 1030 796 1094 ut
827 1030 893 1094 illio
930 1029 1083 1113 adjectiva
1115 1027 1224 1094 eodem
1248 1046 1321 1092 casu

279 1139 493 1218 substantivis,
527 1157 605 1218 quae
625 1137 664 1202 ad
687 1137 770 1202 idem
794 1137 957 1220 pertinent,
989 1136 1136 1219 adjuncta
1164 1138 1246 1213 sunt,
1277 1134 1322 1198 ita

277 1249 370 1314 etiam
405 1246 501 1311 iniis
527 1245 678 1323 versibus,
710 1245 763 1325 qui
795 1244 964 1324 sequuntur
995 1244 1088 1308 verba
1123 1242 1161 1308 ad
1192 1241 1321 1306 eandem

276 1375 342 1421 rem
370 1354 560 1436 pertinentia
584 1352 666 1416 omni
691 1371 729 1416 ex
744 1355 832 1434 parte
855 1371 888 1416 se
903 1350 1087 1433 respondere
1112 1369 1151 1415 ex
1166 1348 1323 1432 Euripidis

277 1460 508 1544 aequabilitatis
531 1459 634 1524 studio
667 1463 845 1542 exspectare
858 1477 1042 1541 possumus.
1099 1458 1203 1539 Atque
1231 1456 1321 1540 hujus

279 1567 500 1635 concinnitatis
542 1568 617 1631 olim
659 1568 807 1630 exstantis
847 1567 996 1648 reliquias
1031 1567 1106 1649 puto
1142 1584 1208 1630 esse
1243 1564 1322 1630 illud

277 1675 381 1762 φωνᾷ,
406 1694 466 1755 quo
480 1674 615 1756 reposito
629 1674 665 1738 ut
681 1674 872 1738 concinnitas
889 1673 979 1756 plane
996 1673 1174 1751 resituatur,
1199 1672 1321 1737 tantum

277 1783 375 1848 restat
397 1782 518 1846 Musuri
542 1781 708 1846 lectionem
733 1774 911 1866 εὐφθόγγφ
928 1800 983 1863 pro
1006 1773 1202 1866 εὐφθόγγων
1218 1798 1322 1844 resus-

277 1890 383 1954 citare.
435 1889 522 1967 Quae
545 1887 638 1952 lectio
663 1906 698 1952 eo
722 1905 843 1969 quoque
868 1887 1109 1965 commendatur,
1133 1887 1206 1968 quia
1231 1884 1322 1972 φωνή

277 1997 346 2060 aliis
374 2014 495 2077 quoque
518 1995 605 2072 locis,
632 1995 754 2060 etiarnsi
778 2015 796 2058 a
819 1995 961 2076 pluribus
986 1994 1049 2059 sive
1064 1994 1241 2059 hominibus
1258 1994 1321 2058 siue

275 2103 489 2168 instrumentis
512 2101 655 2180 eflicitur,
688 2102 838 2186 singulari
866 2121 992 2167 numero
1023 2101 1157 2184 ponitur.
1206 2101 1243 2165 cf.
1269 2099 1321 2165 Or.

277 2213 373 2275 1397.
407 2208 529 2273 αἴλινον
552 2207 674 2272 αἴλινον
698 2202 799 2296 άρχάν
815 2207 964 2273 θανάτου
987 2207 1146 2296 βάρβαροι
1166 2208 1322 2292 λέγουσιν,

274 2313 355 2396 αἰαῖ,
379 2310 502 2379 Ἀσιάδι
526 2317 630 2402 φωνᾷ.

368 2423 442 2488 138.
491 2414 575 2503 ὤμοι
598 2419 726 2497 θάκους
750 2417 806 2497 οὓς
829 2420 948 2486 θάσσω

483 2539 615 2614 σκηναῖς
635 2526 773 2614 ἔφεδρος
796 2520 1071 2612 Ἀγαμεμνονίαις.

276 2630 331 2711 οὓς
352 2637 388 2700 P.
427 2632 515 2710 οἵους
531 2635 569 2699 V.
619 2633 651 2699 Si
676 2653 745 2699 cum
771 2634 908 2700 Seidlero
926 2637 957 2700 ot
973 2636 1126 2722 Tyrrellio
1143 2636 1319 2712 statuimus,

275 2743 398 2808 cantum
422 2741 571 2806 Hecubae
602 2741 633 2804 in
666 2741 741 2806 duas
771 2743 915 2827 strophae
947 2744 979 2808 et
1008 2743 1218 2827 antistrophas
1242 2742 1321 2809 divi-

274 2849 407 2914 dendum
430 2868 506 2927 esse,
530 2850 580 2914 oui
603 2849 774 2914 sententiae
807 2852 929 2916 numeri
957 2852 988 2917 in
1007 2852 1185 2916 universum
1207 2851 1319 2918 favent
1428 2911 1431 2919 .

274 2955 409 3020 Palatini
431 2956 524 3020 lectio
544 2957 730 3038 postulatur,
756 2976 827 3021 curn
846 2956 935 3033 οἵους
960 2961 1083 3040 ναυαγία
1109 2976 1153 3020 vs.
1175 2958 1236 3022 138
1261 2975 1319 3020 non

278 3063 463 3145 respondeat
490 3063 593 3128 versui
620 3065 692 3128 122.
741 3063 802 3128 Sed
836 3065 929 3128 etiam
965 3065 1169 3147 grammatica
1202 3065 1321 3128 ratione

274 3169 368 3233 lectio
394 3164 450 3244 οὓς
472 3188 545 3234 vera
569 3170 731 3234 evincitur.
778 3171 902 3235 Etenim
926 3171 1023 3234 rarior
1040 3171 1089 3235 est
1105 3171 1320 3252 difficiliorque

277 3276 449 3354 intellectu,
473 3277 505 3340 in
529 3294 590 3357 qua
613 3277 773 3358 genetivus
797 3274 912 3339 θάκων
936 3277 1019 3343 casui
1035 3280 1223 3359 pronominis
1240 3280 1320 3344 rela-

279 3383 345 3461 rivi,
386 3384 467 3464 quod
504 3384 643 3464 sequitur
675 3383 865 3449 assimilatus
889 3383 939 3464 eit,
982 3404 1061 3468 quae
1094 3387 1238 3451 attractio
1269 3386 1320 3451 hic

273 3489 339 3553 illic
374 3489 455 3572 apud
478 3489 603 3556 Atticos
625 3491 789 3556 invonitur.
838 3491 876 3556 of.
900 3492 982 3557 Med.
1007 3513 1036 3558 v.
1063 3495 1111 3557 10.
1154 3493 1246 3576 Soph.
1270 3494 1318 3557 m.

275 3599 351 3661 653.
399 3597 509 3661 Trach.
536 3599 610 3664 152.
637 3600 701 3662 283
738 3597 805 3679 (ubi
829 3617 858 3662 v.
883 3599 1030 3683 Nauck),
1062 3599 1116 3664 Ar.
1153 3601 1226 3685 Lys.
1252 3601 1317 3666 408

279 3703 369 3767 Dem.
393 3703 509 3782 XVIII,
538 3705 587 3769 12.
635 3705 711 3769 Xen.
737 3703 820 3768 Hell.
847 3705 875 3784 1,
901 3709 931 3784 4,
951 3706 980 3769 2.
1013 3704 1096 3770 Plat.
1122 3707 1206 3771 Men.
1233 3708 1276 3772 96
1290 3725 1316 3785 a,

275 3811 318 3873 96
332 3829 358 3873 e.
405 3809 510 3874 Facile
534 3811 630 3895 igitur
659 3811 804 3876 librarius
833 3811 936 3876 induci
968 3813 1100 3894 poterat,
1130 3814 1318 3894 pronominis
