3060 4574
651 392 873 455 ..41-

248 581 289 648 τὰ
312 583 405 668 μώρα
427 579 487 669 γὰρ
519 587 577 649 etc.
612 583 651 647 ad
674 601 711 648 ea
742 599 819 664 quae
849 585 1020 664 sequuntur
1050 599 1121 646 cum
1151 580 1289 646 Nauckio

248 691 359 756 referre
393 710 456 755 non
490 709 664 774 possumus,
704 690 777 771 quia
811 689 843 752 in
871 689 920 752 his
949 688 1055 772 agitur
1089 687 1126 752 de
1162 687 1292 753 avaritia

248 798 394 876 Helenae,
432 816 510 878 quae
543 797 682 882 proiecto
719 815 777 862 non
812 815 915 861 amore
951 795 1086 860 excitata
1120 795 1176 859 est.
1224 795 1292 859 Hoc

248 905 350 988 potius
374 904 507 970 alterum
522 905 713 970 momentum
738 904 794 981 est,
820 922 875 969 cur
898 902 1017 967 Helena
1041 903 1079 966 ab
1096 901 1197 966 officio
1221 902 1291 966 des-

248 1013 344 1076 cierit.
392 1011 530 1077 Primum
561 1031 686 1095 corporo
715 1011 846 1090 Paridis,
886 1011 954 1074 tum
978 1029 1049 1075 uero
1084 1008 1201 1073 divitiis
1226 1008 1291 1091 ejus

248 1119 382 1184 adducta
415 1121 462 1184 est
494 1120 533 1186 ad
568 1119 658 1184 illum
691 1118 890 1200 sequendum.
952 1118 1020 1197 Qua
1057 1115 1291 1181 ratiocinatione

247 1226 392 1305 adducor,
415 1228 450 1291 ut
472 1227 595 1309 poetam
628 1226 789 1309 scripsisse
819 1207 979 1309 conjiciam
1011 1219 1093 1307 ὁμοῦ
1124 1217 1153 1287 d’
1178 1221 1292 1286 ἰδοῦσα

253 1359 281 1398 κ.
306 1357 334 1397 τ.
359 1334 387 1396 λ.
417 1334 456 1399 of.
480 1334 573 1418 Soph.
599 1335 650 1399 Tr.
675 1336 752 1399 210.
789 1333 836 1397 ul.
863 1337 937 1398 715.

339 1442 436 1506 1057.
483 1442 645 1507 Menelaus
669 1442 818 1506 Hecubae
838 1441 1006 1524 pollicitus,
1031 1440 1183 1505 Helenam
1199 1438 1292 1503 aliam

248 1567 287 1612 ac
310 1569 342 1614 se
363 1569 471 1614 navem
504 1569 739 1615 conscensurum
764 1569 840 1627 esse,
867 1550 913 1614 sic
935 1548 1053 1632 pergit:

383 1653 528 1720 ἐλθοῦσα
552 1649 581 1720 d'
599 1649 714 1742 ’Ἀρνος
738 1651 850 1741 ὥσπερ
871 1648 948 1735 ἀξία
971 1656 1079 1730 κακῶς

382 1759 464 1849 κακὴ
486 1769 648 1829 θανεῖται·
673 1765 728 1827 καὶ
751 1764 877 1850 γυναιξὶ
901 1774 1082 1850 σωφρονεῖν

382 1868 523 1935 πάσαισι
546 1869 654 1958 θήσει·
699 1866 823 1958 κροὶὁιον
846 1871 905 1952 μὲν
930 1867 967 1935 οὐ
994 1867 1069 1934 τόδε
1094 1893 1123 1933 κ.
1148 1893 1177 1932 τ.
1202 1869 1230 1931 λ.

247 1978 280 2040 In
312 1996 340 2042 u.
375 1980 460 2044 1057
493 1981 652 2044 Nauekius
684 1979 857 2062 (melanges
891 1979 1052 2044 (in-Rom.
1077 1978 1133 2042 III.
1158 1998 1188 2059 p.
1215 1975 1292 2056 157)

247 2103 302 2166 pro
328 2082 428 2170 θήσει
449 2086 579 2169 conjecit
603 2084 700 2171 φήσει
723 2086 817 2167 idque
837 2087 869 2149 in
893 2087 996 2167 ipsum
1019 2085 1139 2149 textum
1164 2083 1290 2164 recepit.

246 2189 308 2255 Sed
331 2192 410 2256 hano
426 2193 646 2275 conjecturam,
673 2193 813 2273 quamvis
837 2193 869 2256 et
891 2191 1041 2256 facillima
1064 2191 1105 2254 sit
1128 2191 1159 2254 et
1175 2189 1291 2271 optime

247 2299 422 2364 sententiae
442 2299 603 2365 conveniat
627 2299 678 2382 (ci.
692 2299 811 2363 Nauck.
829 2299 870 2364 ad
884 2297 977 2381 Soph.
1003 2297 1089 2381 AJac.
1105 2297 1213 2381 1047),
1238 2316 1292 2360 ne-

246 2406 411 2470 cessariam
453 2425 521 2471 esse
559 2425 648 2490 nego.
712 2405 794 2470 Nam
833 2408 965 2469 τιθέναι
1003 2429 1035 2468 τι
1074 2401 1190 2480 πάθος
1229 2427 1292 2466 τινι

249 2511 384 2578 Graecos
427 2512 542 2578 dixisse
579 2514 662 2578 inter
708 2531 812 2578 omnes
858 2514 989 2590 constet,
1036 2513 1072 2576 ut
1120 2513 1183 2576 fero
1234 2530 1293 2575 non

246 2637 324 2702 opus
347 2619 389 2683 sit
413 2621 556 2703 exempla
575 2621 699 2697 efferum
725 2621 764 2684 cf.
790 2625 893 2685 tamen
925 2619 1033 2703 Suppl.
1070 2621 1154 2684 1208
1188 2616 1292 2704 φόβον

245 2721 306 2810 γὰρ
325 2717 439 2802 αὖτοῖς
460 2725 633 2807 δειχθεῖσα
650 2725 759 2812 θήσει.
807 2727 875 2792 Ale.
894 2730 958 2792 623
977 2724 1100 2802 πάσαις
1126 2719 1154 2789 d'
1172 2723 1292 2810 ἔθηκεν

245 2825 469 2917 εὐκλεέστερον
500 2838 581 2916 βίον.
628 2834 712 2899 Med.
745 2835 821 2900 383.
868 2834 956 2898 Nihil
988 2835 1085 2918 igitur
1116 2834 1199 2897 esset
1231 2851 1290 2913 quo

245 2939 358 3006 offendi
388 2942 504 3022 posset,
538 2941 565 3006 si
603 2942 800 3006 accusativus
829 2941 1018 3006 substantivi
1049 2940 1170 3024 positus
1199 2941 1290 3005 esset.

246 3047 361 3112 Verum
386 3051 516 3112 τιθέναι
541 3051 752 3114 constructum
779 3049 827 3113 est
848 3067 919 3113 cum
949 3047 1102 3112 infinitivo
1132 3047 1163 3112 et
1187 3048 1291 3114 dativo

243 3173 403 3236 personae,
437 3173 530 3236 quam
560 3155 819 3221 constructionem
849 3155 998 3220 usitatam
1028 3174 1087 3220 non
1119 3174 1186 3221 esse
1216 3173 1291 3220 con-

249 3259 356 3326 cedam
378 3263 509 3345 oportet.
558 3262 747 3328 Infinitiuum
772 3263 853 3327 enim
877 3263 1003 3329 constat
1034 3281 1054 3327 a
1085 3261 1187 3327 verbis
1207 3265 1292 3327 tran·

245 3366 347 3432 sitivis
371 3369 557 3454 pendentem
584 3369 702 3435 duobus
723 3370 903 3435 muneribus
927 3370 1025 3455 fungi,
1050 3371 1184 3454 primum
1211 3371 1290 3436 enim

245 3474 284 3538 iis
308 3477 410 3542 uerbis
446 3478 606 3562 quaejam
631 3477 786 3560 objectum
811 3496 916 3542 secum
947 3477 1073 3556 habent,
1104 3477 1229 3545 additur
1253 3480 1292 3544 ad

246 3581 491 3666 significandum,
517 3603 608 3666 quern
635 3583 673 3650 ad
696 3583 788 3648 finem
814 3584 896 3649 actio
927 3584 1093 3668 primariae
1122 3587 1291 3652 sententiae

246 3693 369 3772 spectet
388 3693 429 3776 (v.
454 3691 588 3770 Hebold,
614 3690 651 3756 de
675 3691 823 3756 infinitivi
846 3690 927 3774 apud
947 3693 1052 3776 Errrip.
1072 3694 1193 3778 syntaxi
1216 3695 1289 3758 diss.

242 3796 315 3862 Hui.
345 3801 428 3866 1881
463 3820 492 3882 p.
516 3802 582 3884 20),
619 3799 668 3862 cni
697 3799 802 3882 generi
836 3801 977 3863 nostrum
1008 3801 1111 3864 locum
1146 3801 1291 3886 subJungi

242 3923 301 3970 non
327 3925 417 3990 posse
440 3911 542 3990 patet;
573 3905 681 3972 deinde
704 3925 776 3972 vero
800 3942 843 3954 —
866 3905 958 3986 idque
974 3908 1066 3990 longe
1090 3909 1224 3974 maxime
1247 3945 1289 3960 —

243 4011 414 4082 infinitivus
437 4018 530 4082 uerbo
552 4016 599 4082 ite
622 4015 754 4094 additur,
787 4021 823 4080 ut
854 4013 919 4098 ipse
943 4016 1058 4102 objecti
1089 4035 1200 4082 munus
1221 4035 1290 4082 sus·
