3060 4574
681 365 903 429 ..18-

276 554 390 634 matur,
417 554 499 635 quod
521 553 614 618 etiam
635 553 667 618 in
682 553 771 618 initio
794 554 885 638 hujus
905 571 1013 618 versus
1036 553 1081 618 Vs
1099 552 1204 635 aperte
1224 553 1321 618 inter·

277 660 430 744 polaton's
454 680 578 726 menum
595 661 741 744 expertus
758 663 814 740 est,
838 661 876 727 cf.
894 660 1012 740 Nauck,
1038 659 1119 726 stud.
1138 660 1178 740 ll,
1195 678 1226 742 p.
1246 660 1320 726 131.

364 770 439 835 452.
488 767 644 834 Carandra
668 768 762 838 dicit:

363 868 486 961 χαίρετ’
515 856 677 963 ἐκλέλοιφ’
711 872 827 961 ἑορτὰς
853 872 907 952 αἷς
943 865 1085 962 πάροιθ’
1126 867 1318 960 ἠγαλλόμην.

274 981 449 1048 doliturae
472 976 501 1047 δ’
526 977 641 1070 ἑορτάς
665 984 701 1061 V,
733 983 814 1065 quod
837 983 997 1049 Neuclriue
1020 983 1042 1047 l.
1065 983 1085 1046 i.
1117 1002 1147 1065 p.
1175 983 1239 1047 140
1264 980 1318 1046 de-

273 1091 396 1157 fendere
421 1090 527 1157 studet
550 1092 725 1179 conjectura
752 1087 927 1155 ἒκλέλοιπα
950 1084 978 1154 δ’
1004 1083 1101 1177 ὁρτὰς
1133 1089 1204 1154 coll,
1229 1088 1318 1154 Jonis

271 1199 446 1283 fragmento
478 1201 520 1264 21
551 1219 581 1282 p.
614 1200 680 1264 570
713 1195 875 1262 ἐνιαυσίαν
904 1194 965 1284 γὰρ
990 1196 1041 1261 δεῖ
1067 1220 1109 1279 με
1138 1193 1195 1282 τὴν
1224 1189 1318 1281 ὁρτὴν

272 1298 371 1390 ἄγειν,
392 1325 569 1388 quanquam
591 1306 658 1389 ipse
682 1305 831 1384 concedit,
866 1306 962 1372 etiam
986 1305 1121 1370 Palatini
1151 1305 1318 1370 lectionem

270 1413 344 1478 ferri
375 1433 476 1496 posse.
525 1413 611 1493 Quae
644 1415 727 1478 certe
762 1414 829 1478 sola
863 1413 997 1498 genuina
1035 1413 1091 1479 est.
1148 1413 1231 1476 Nem
1264 1430 1318 1476 cur

270 1519 420 1604 Euripidi¹
443 1520 573 1586 formam
604 1521 747 1586 Jonicam
775 1522 976 1604 imputemus,
1014 1539 1049 1586 eo
1084 1520 1187 1585 minue
1225 1538 1318 1584 causa

270 1626 368 1707 adest,
394 1628 467 1710 quia
483 1627 638 1711 pamicula
660 1626 698 1691 δέ
723 1628 846 1693 omnino
870 1628 928 1694 hoc
957 1627 1026 1693 loco
1053 1626 1137 1692 haud
1166 1627 1214 1691 ita
1244 1625 1318 1709 apta

269 1737 328 1815 eet,
351 1753 407 1818 pro
430 1754 499 1815 qua,
525 1735 552 1800 si
573 1735 728 1818 particula
751 1754 829 1817 opus
853 1739 945 1812 esset,
972 1733 1129 1800 causalem
1153 1737 1237 1799 certe
1261 1751 1317 1798 ex·

270 1846 403 1925 spectes.
450 1842 511 1908 Sed
534 1843 650 1925 optime
676 1862 708 1908 se
731 1843 827 1908 habet
850 1843 1027 1928 asyndeton.

360 1953 436 2016 543.
481 1948 600 2015 Chorus
620 1950 741 2015 cantat:

406 2054 463 2122 inl
487 2056 522 2121 δὲ
544 2055 712 2144 redipisci
735 2058 820 2144 χαρᾷ

404 2163 512 2246 νύχιον
536 2160 593 2229 ἐπὶ
615 2169 738 2253 κνέφας
770 2163 886 2252 παρῆν.
935 2162 992 2230 ἐπὶ
1015 2164 1051 2229 δὲ
1074 2166 1110 2231 P.
1159 2161 1191 2228 ἓν
1215 2163 1250 2228 δὲ
1275 2165 1314 2243 V,

270 2273 352 2357 quod
386 2274 508 2356 praeter
544 2273 772 2339 Kirchhollium
807 2273 901 2338 etiam
927 2273 1087 2338 Nauokius
1123 2270 1230 2351 edidit,
1263 2272 1316 2353 qui

268 2381 426 2444 tamenin
450 2379 648 2445 adnotatione
673 2381 779 2446 critica
804 2379 935 2446 alteram
962 2380 1129 2444 lectionem
1163 2379 1314 2444 veriorem

266 2489 368 2569 putat.
428 2486 469 2550 lit
506 2504 573 2550 eam
608 2487 759 2552 veriorem
794 2505 861 2552 esse
892 2487 958 2569 jam
994 2486 1128 2550 metrum
1168 2485 1312 2550 ostendit.

266 2593 351 2657 Nem
370 2593 401 2657 in
425 2593 566 2657 versibus
589 2593 769 2658 539-550
793 2596 845 2676 (z
860 2593 1053 2676 ore-530)
1077 2592 1215 2677 systema
1230 2593 1313 2675 jam-

267 2700 372 2765 bioum
395 2699 555 2778 habemus,
589 2699 670 2781 quod
692 2699 828 2785 graviter
851 2699 993 2779 laeditur,
1027 2699 1054 2764 si
1080 2700 1113 2763 in
1136 2719 1165 2764 v.
1190 2701 1257 2765 540
1281 2695 1314 2762 ἐν

267 2806 303 2872 δὲ
339 2808 495 2886 scribitur,
538 2825 608 2872 oum
644 2804 701 2871 ἐπὶ
733 2808 968 2874 accuratissime
1004 2807 1189 2891 respondeat
1222 2827 1313 2890 prac-

266 2915 414 2997 positioni
436 2908 497 2978 ἇνὰ
515 2915 548 2979 in
570 2935 598 2980 v.
624 2917 699 2981 522.
749 2915 810 2981 Sed
845 2915 1004 2982 etiamad
1040 2915 1224 2981 sententiam
1256 2910 1313 2978 ἐπὶ

268 3022 381 3087 melius
403 3027 469 3088 est:
497 3023 610 3105 quippe
634 3024 849 3106 crepusculum
881 3023 1073 3087 extrinsecus
1097 3021 1225 3086 accedit.
1261 3020 1312 3085 Ad

264 3129 398 3195 alterum
412 3125 469 3194 eal
483 3129 699 3212 explicandum
720 3130 831 3210 uliquis
853 3129 987 3194 conferre
1000 3128 1104 3212 potest
1121 3128 1214 3212 Soph.
1233 3127 1311 3194 Oed.
1334 3211 1337 3218 ,

263 3237 300 3302 R.
329 3240 392 3304 182
417 3229 495 3301 iod
519 3227 635 3317 ἅλαχοι
657 3237 774 3302 πολιαί
794 3229 822 3300 τ’
846 3235 903 3302 ἐπὶ
922 3240 1061 3323 ματέρες
1091 3229 1192 3300 ἀκτὰν
1219 3231 1311 3321 παρὰ

262 3342 387 3428 βιόμιον
418 3383 461 3393 -
494 3341 752 3425 ἒπιστενάχαυσι.
807 3344 868 3410 Sed
910 3344 954 3409 ibi
998 3341 1055 3408 inl
1090 3343 1311 3409 adverbialiter

260 3452 399 3534 positum
433 3453 563 3518 alteram
597 3452 753 3518 notionem
789 3452 879 3517 alteri
911 3451 1061 3537 adjungit,
1098 3471 1169 3517 cum
1203 3449 1308 3516 nostro

260 3559 329 3624 loco
352 3560 433 3624 ratio
450 3559 600 3643 postulet,
625 3560 661 3624 ut
677 3557 734 3624 eal
750 3579 820 3625 oum
836 3561 929 3625 verbo
946 3559 1159 3644 conjungatur.
1197 3559 1308 3640 Itaque

260 3665 431 3752 Tymelliue
453 3667 597 3750 explicat,
625 3663 682 3731 ἐπὶ
704 3686 759 3750 per
781 3667 894 3733 tmesin
916 3666 956 3732 ad
979 3665 1087 3754 παρῆν
1114 3664 1309 3732 referendum

260 3793 337 3840 esee.
386 3771 446 3840 Sed
476 3774 736 3857 praepositionem
766 3776 904 3842 averbo
936 3775 1107 3858 composito
1137 3772 1230 3839 tmesi
1258 3792 1307 3838 se-

257 3881 360 3966 parari
391 3882 518 3948 naturae
550 3882 661 3948 tmesis
692 3902 802 3965 parum
834 3882 1100 3950 accommodatum
1129 3901 1196 3947 esse
1222 3882 1307 3946 recte

256 3993 365 4057 monet
396 3989 562 4056 Piereonus
593 3991 626 4055 in
656 4009 734 4056 mus.
762 3991 858 4058 Rhea.
884 3991 939 4072 Xl,
972 4011 1001 4073 p.
1036 3993 1110 4058 264.
1158 3990 1307 4075 Legimus
