3060 4574
661 338 861 402 ,8.-

237 526 401 609 appositio,
427 526 453 592 si
477 526 611 612 legimus
636 529 714 612 θέᾳ,
738 545 837 609 noque
861 527 901 592 ad
922 527 1109 597 sententiam
1140 527 1279 610 quadrat,

238 634 269 699 et
292 653 348 716 per
372 653 404 698 se
429 635 560 699 obscura
581 636 645 700 est:
679 635 747 717 ipsa
772 635 910 717 epitheta
936 634 1104 718 postulant,
1130 635 1215 699 utin
1240 635 1280 700 iis

240 759 317 822 quae
339 741 537 818 antecedunt,
557 741 623 823 jam
647 741 704 806 dea
718 743 958 807 commemorata
982 741 1032 806 sit.
1072 741 1169 806 Recte
1185 741 1282 826 igitur

237 867 307 911 cum
330 849 355 911 P
380 847 527 912 scribitur
546 847 624 931 θεᾷ.

330 958 426 1019 1179.
474 955 603 1020 Hecuba
627 955 664 1020 de
688 954 875 1040 Astyanacte
899 958 1021 1020 mortuo
1045 955 1138 1020 dicit:

374 1051 399 1123 ὦ
422 1071 537 1146 χεῖρες,
563 1055 607 1138 ὥς
630 1059 736 1137 εἰκοὺς
759 1061 819 1144 μὲν
843 1056 952 1148 ἡδείας
975 1057 1102 1147 πατρὸς

372 1161 539 1253 κέκτησθ’,
563 1165 595 1232 έν
619 1159 759 1255 ἄρθροις
782 1160 941 1233 θ’ἑκλυτοι
963 1166 1145 1254 πρόκεισθέ
1169 1170 1259 1255 (νυν).

236 1271 440 1360 πρόοκειυθε
467 1276 505 1340 V.
562 1273 721 1340 Sericum
753 1276 792 1340 de
815 1276 962 1359 projectis
990 1277 1134 1342 manibus
1164 1279 1281 1346 mortui

240 1382 359 1465 agatur,
380 1382 468 1446 illam
491 1381 657 1447 lectionem
680 1383 818 1448 Palatini
840 1384 905 1448 sine
929 1382 1022 1448 dubio
1046 1403 1151 1448 veram
1178 1404 1282 1450 omncs
1332 1449 1334 1452 .

238 1488 375 1554 editores
397 1489 586 1572 receperunt.
635 1488 808 1554 Scholiasta
832 1491 911 1575 legit
931 1487 1149 1575 πρόοκεισθει
1175 1485 1283 1572 ὅμοιοι

237 1597 297 1677 μέν
322 1592 394 1659 ἐστε
418 1595 477 1659 τοῦ
512 1592 649 1683 πατρὸς,
681 1593 713 1660 ἒν
745 1596 780 1660 δὲ
810 1608 881 1673 τοῖς
909 1589 1048 1683 ἄρθροις
1080 1593 1284 1679 ἐκλελυμένοι

239 1700 453 1790 πρόοκειοθε,
490 1703 573 1785 quod
607 1703 786 1769 Dindorfius
819 1721 879 1768 non
910 1704 1004 1772 tacite
1036 1704 1066 1768 in
1099 1701 1282 1790 πρόκειοθε

142 1867 147 1872 ,
233 1812 353 1875 mutare
378 1809 495 1874 debuit.

327 1918 387 1982 His
409 1918 486 1982 locis
502 1917 566 1982 tres
585 1917 744 1994 accedunt,
771 1917 882 1999 quibus
899 1937 978 1984 unus
995 1918 1111 1983 alterve
1130 1920 1282 1986 editorum

234 2025 340 2110 negat,
363 2023 498 2090 Palatini
521 2025 685 2090 lectionem
710 2043 727 2088 a
752 2024 920 2090 scholiasta
942 2025 1117 2108 ignoratam
1140 2028 1282 2093 Vaticani

236 2132 368 2197 lectione
392 2132 552 2197 meliorem
585 2150 662 2197 esse.
710 2130 756 2196 Ac
783 2132 920 2215 primum
952 2131 1076 2214 quidem
1109 2135 1213 2219 agitur
1245 2135 1282 2202 de

234 2259 263 2304 v.
294 2240 367 2318 103,
393 2239 425 2303 in
451 2257 511 2321 quo
529 2238 741 2304 Kirohbolfius
765 2239 797 2304 ct
820 2240 989 2305 Nauclrius
1012 2258 1082 2306 cum
1115 2243 1282 2308 scholiasta

236 2346 469 2428 Vsequuntur.
517 2347 646 2412 Hecuba
678 2367 711 2412 se
742 2366 812 2412 curn
839 2367 919 2414 nave
954 2367 1133 2430 comparans
1161 2350 1280 2414 cantat:

370 2453 451 2518 πλεῖ
473 2447 556 2516 κατὰ
580 2449 747 2537 πορθμόν,
771 2452 852 2516 πλεῖ
873 2451 956 2516 κατὰ
981 2454 1128 2536 δαίμονα,

369 2559 451 2646 μηδὲ
474 2561 643 2645 προσίστω
666 2558 800 2645 πρῴραν
824 2557 937 2642 βιότου
1005 2645 1007 2649 y

369 2664 454 2754 πρὸς
474 2666 559 2747 κῦμα
582 2665 728 2730 πλέουσα
749 2663 905 2748 τύχαισιν.

235 2780 407 2861 προσίστω
431 2777 469 2839 V.
516 2778 678 2860 προσέστη
701 2773 737 2841 Ρ.
785 2773 959 2842 Scholiasta
981 2777 1110 2844 adnotat
1134 2770 1206 2842 ἀντὶ
1221 2779 1281 2844 τοῦ

233 2879 278 2966 μὴ
305 2878 514 2948 ἀντικεῖσθαι
538 2893 609 2958 τοῖς
628 2877 712 2969 πρὸς
744 2883 878 2970 πρῴραν
901 2882 1049 2966 κύμασιν,
1078 2879 1095 2950 ὅ
1119 2882 1215 2967 ἐστιν,
1236 2895 1280 2973 μῆ

235 2982 419 3054 ἄνθίοτασο
442 2991 489 3074 τῴ
513 2989 642 3071 δαίμονι
667 2988 725 3053 τοῦ
747 2993 830 3071 βίου.

322 3096 372 3160 hx
401 3096 500 3160 altera
523 3097 610 3178 parte
627 3097 890 3178 interpretationis
908 3098 1019 3176 elucet,
1044 3098 1281 3181 paraphrastam

232 3203 346 3288 legisse
377 3202 522 3271 medium.
584 3201 672 3284 Quod
701 3206 806 3268 tamen
846 3203 919 3268 ferri
954 3223 1013 3272 non
1049 3195 1164 3288 potest,
1206 3225 1280 3270 nam

233 3309 375 3375 dativum
404 3308 517 3390 τύχαις
552 3329 589 3374 nc
626 3311 846 3396 conjungamus
882 3331 952 3376 cum
990 3315 1083 3378 verbo
1111 3315 1279 3399 προσίστω

231 3417 368 3499 primurn
403 3418 589 3501 impedimur
625 3418 848 3503 significatione
889 3419 977 3484 uerbi
1020 3423 1278 3506 προσίστασθαι,

237 3523 319 3606 qnod
332 3525 438 3590 eadem
453 3525 677 3610 significatione
692 3544 754 3608 qua
762 3517 1000 3609 causasarum,
1010 3527 1040 3594 h.
1050 3547 1074 3592 c.
1083 3547 1115 3593 se
1129 3546 1279 3612 opponere

230 3650 388 3714 nunqnam
410 3634 586 3717 usurpatur,
604 3635 672 3699 tum
692 3651 764 3699 vero
781 3634 957 3700 accusativo
971 3635 1115 3721 πρῴραν,
1141 3636 1279 3716 quicum

230 3741 315 3805 nullo
331 3740 422 3805 modo
435 3761 505 3806 oum
520 3742 667 3806 πλέουσα
691 3741 833 3824 conjungi
852 3743 988 3826 possib),
1014 3743 1169 3806 tantuma
1186 3744 1278 3806 verbo

235 3851 441 3860 ..-....—.·---—.-

301 3885 321 3948 ¹)
339 3881 460 3936 Verbum
487 3881 558 3936 eninr
585 3882 664 3933 πλεῖν
682 3881 807 3951 conjungi
821 3883 928 3952 quidem
946 3883 1034 3950 potest
1046 3898 1108 3934 cnm
1125 3881 1279 3936 accusativo

232 3967 328 4041 objecti
354 3969 496 4037 interioris,
525 3969 596 4040 quod
623 3969 728 4038 dicitu,
755 3970 787 4021 nt
810 3968 952 4020 θάλασσαν
971 3967 1058 4028 πλεῖν,
1087 3968 1172 4019 πλοῦν
1192 3967 1278 4028 πλεῖν,
