3060 4574
639 353 860 422 ...35-

370 545 409 613 τὸ
428 547 582 630 δυσμενὲς
606 542 756 631 γυναικὸς
780 543 827 622 εἷς
846 539 962 632 ἀνδρὸς
985 546 1089 627 λέχος.

267 658 331 721 667
363 647 529 718 117πέ111υᾶ
553 647 663 740 αὐτήν,
688 648 759 739 ἥτις
781 645 881 738 ἄνδρα
902 649 959 718 τὸν
978 651 1084 739 πάρος

368 773 509 826 καινοῖσι
534 761 681 846 λέκτροις
703 753 906 844 oinoplolooo'
929 752 1026 825 ἄλλον
1048 760 1147 847 φιλεῖ.

325 871 392 935 Hos
415 887 524 934 versus
543 869 630 953 justo
655 887 690 934 ae
706 868 824 933 ratione
840 869 998 950 postulato
1014 867 1120 933 ordine
1137 886 1204 933 sese
1219 886 1278 932 nou

234 979 381 1062 esoipere‚
416 995 487 1042 oum
521 975 699 1042 Dindorfiue
733 976 833 1060 magis
871 975 1019 1041 sensisset
1061 994 1154 1057 quam
1188 975 1280 1042 certis

234 1086 335 1150 verbis
372 1083 644 1166 comprobavisset
682 1083 909 1150 demonstravit
942 1082 1101 1148 Neuokius
1134 1103 1165 1165 p.
1205 1084 1279 1160 146,

235 1193 288 1275 qui
310 1195 396 1257 reete
430 1191 516 1270 dicit,
549 1209 657 1256 versus
685 1193 750 1256 669
773 1208 819 1272 sq.
859 1189 898 1255 ed
919 1209 955 1255 ea
991 1209 1069 1272 quae
1095 1189 1281 1272 praecedant

234 1300 361 1384 adjungi
384 1318 443 1364 non
466 1317 558 1382 posse
584 1299 796 1382 conjunctione
818 1291 910 1377 ἀλλὰ,
934 1316 989 1379 pro
1010 1317 1071 1378 qua
1094 1297 1198 1379 potius
1226 1297 1280 1360 καὶ

235 1405 296 1493 γὰρ
319 1407 524 1492 exspeotetur.
572 1407 681 1489 Itaque
705 1405 863 1472 Neuekius
886 1407 922 1470 ut
949 1425 1063 1471 nexum
1090 1405 1279 1484 restitueret,

233 1535 342 1580 versus
373 1517 437 1580 667
460 1514 493 1580 et
517 1516 583 1580 668
616 1515 754 1580 seclusit.
813 1513 992 1580 Dindorfius
1025 1514 1149 1598 longius
1185 1515 1279 1578 etiem

234 1641 417 1708 progressus
462 1622 564 1688 totum
606 1622 710 1688 looum
755 1622 826 1686 inde
874 1641 892 1687 a
938 1641 966 1687 v.
1004 1624 1067 1686 665
1103 1641 1201 1704 usque
1239 1621 1281 1686 ad

234 1749 263 1795 v.
301 1732 365 1794 672
406 1729 545 1811 spurium
583 1729 686 1794 habet.
736 1729 825 1809 Quod
854 1732 938 1794 certe
975 1729 1122 1794 audacius
1158 1729 1278 1794 statuit.

235 1837 360 1902 Etenim
393 1836 427 1900 hi
460 1855 567 1902 versus
603 1855 730 1920 prorsus
760 1837 919 1922 ingenium
953 1836 1110 1919 Euripidis
1146 1836 1279 1920 sapiunt,

235 1945 289 2026 qui
316 1943 394 2008 nihil
430 1944 531 2028 magis
564 1948 649 2009 amat
681 1963 774 2026 quem
803 1944 836 2008 in
869 1944 1034 2008 mulierum
1073 1944 1192 2010 animos
1231 1945 1280 2009 in-

237 2050 359 2133 quirere
395 2069 562 2132 earumque
606 2051 809 2136 cogitationes
844 2051 1064 2133 cupidinesque
1101 2050 1280 2135 depingere3

235 2177 336 2240 neque
374 2158 402 2222 si
440 2160 479 2222 eb
514 2150 596 2220 ἄλλά
639 2157 836 2236 discedimus,
884 2158 915 2221 in
959 2157 1064 2222 verbis
1106 2158 1280 2223 numerisve

236 2265 404 2348 quiequam
442 2266 534 2343 inest,
586 2265 669 2346 quod
704 2265 872 2347 vituperari
908 2263 1016 2347 possit.
1080 2263 1141 2330 Sed
1188 2265 1282 2330 etiam

234 2391 278 2438 vs.
320 2375 384 2438 667
423 2374 455 2437 et
495 2374 561 2437 668
600 2391 620 2437 a
649 2372 789 2438 Nauokio
827 2371 989 2438 defendere
1026 2372 1130 2437 velim.
1185 2373 1281 2438 Vide·

234 2483 288 2544 tur
311 2480 393 2546 enim
418 2479 614 2545 enuntiatum
637 2498 656 2544 e
684 2483 792 2544 καίτοι
823 2480 976 2564 incipiens
1004 2499 1066 2546 non
1097 2481 1174 2546 bene
1205 2499 1281 2562 que-

234 2585 322 2652 draro
346 2585 386 2652 ed
407 2605 476 2652 eam
511 2587 705 2665 senientiam,
742 2606 804 2669 que
837 2587 874 2652 de
910 2607 943 2653 se
975 2587 1044 2672 ipse
1067 2585 1283 2652 Andromache

237 2693 322 2758 dieit.
371 2694 451 2760 Nem
477 2712 547 2758 oum
572 2693 693 2772 dixerit,
721 2713 754 2758 se
777 2696 832 2758 aut
861 2694 1070 2777 Neoptolemo
1105 2694 1282 2776 anteposito

234 2801 401 2866 Hectorem
424 2801 533 2865 timere
558 2799 680 2878 debere,
706 2805 770 2878 aut,
794 2801 821 2864 si
842 2801 913 2866 huie
935 2800 1028 2866 fidem
1043 2801 1153 2878 servet,
1177 2801 1284 2883 Neop-

234 2908 395 2987 tolemum,
426 2909 541 2974 mirum
565 2906 697 2985 videtur,
729 2925 828 2989 neque
848 2908 987 2972 moribus
1018 2907 1145 2973 decorae
1170 2908 1284 2974 hones·

236 3017 348 3098 tueque
382 3013 523 3080 mulieris
565 3014 841 3088 eeoommodatum
886 3015 913 3080 si
947 3015 1079 3081 alterum
1110 3018 1285 3082 membrum

234 3123 327 3207 hujus
351 3123 554 3206 oppositionis
586 3123 693 3188 statim
718 3122 871 3188 sententie
905 3123 969 3189 lere
1004 3123 1157 3189 contraria
1191 3124 1284 3188 vehe-

234 3231 354 3296 menter
381 3231 570 3316 infringitur.
610 3232 839 3314 Exspeetemus
855 3231 969 3315 potius,
999 3231 1122 3313 optione
1135 3231 1191 3294 ille
1207 3231 1287 3295 inter

236 3337 313 3404 duus
337 3357 396 3418 res,
423 3357 501 3421 quae
526 3338 585 3403 sibi
609 3338 746 3404 eceidere
768 3338 899 3420 possint,
921 3339 1022 3420 posita
1037 3338 1283 3402 Andromacham

238 3445 351 3525 dicere,
373 3445 478 3510 utrem
503 3464 538 3510 11
562 3446 674 3512 nutura
696 3462 752 3511 suo
770 3445 923 3527 praeferre
938 3443 1044 3522 melit3
1070 3445 1286 3526 exspectamus

236 3589 277 3602 -
300 3571 373 3618 num
397 3553 494 3618 telem
514 3553 608 3635 poeta
633 3552 883 3618 Andromeoham
906 3551 997 3636 fingit
1023 3587 1064 3598 -
1082 3569 1149 3616 eum
1174 3551 1284 3630 dicere,

236 3679 338 3730 mores
372 3677 445 3726 suos
476 3677 509 3724 se
529 3659 638 3742 jubere
671 3659 837 3724 Hectorem
868 3677 948 3728 nono
979 3657 1090 3724 merito
1120 3659 1284 3742 praeferre.

235 3767 296 3847 Qui
331 3767 555 3832 sententiarum
585 3768 777 3834 nemetum
814 3766 934 3843 evadet,
973 3767 1000 3830 si
1029 3783 1136 3831 vorsus
1166 3769 1287 3846 oddus

239 3875 312 3940 onte
358 3876 480 3952 665‚66
510 3873 712 3940 collocantur.
768 3873 848 3940 Tum
876 3873 972 3956 igitur
1002 3871 1219 3940 Andromacha
1246 3873 1291 3938 sio

235 3981 299 4048 iere
323 3999 428 4048 seeum
454 3979 621 4048 deliberet:
669 3979 778 4060 „Inter
809 3979 886 4048 duos
914 3997 963 4044 res
995 3979 1081 4064 optio
1111 3978 1188 4044 mihi
1217 3979 1290 4046 deis

1149 4099 1179 4150 3*
