3060 4574
693 335 915 400 ...22-

289 521 361 612 ἡγεῐ
381 526 489 589 κακῶν
524 525 715 608 receperunt.
765 522 827 590 Sed
864 524 963 603 credo,
1002 525 1140 592 Palatini
1169 525 1337 593 lectionem

288 633 336 698 his
360 633 543 716 conjecturis
567 633 663 717 longe
689 631 925 716 praeferendam
951 652 1027 698 esse.
1074 633 1156 698 Nam
1180 652 1251 698 cum
1270 632 1336 698 An-

289 740 453 805 dromacha
474 739 665 804 condicionis
691 758 764 804 suae
782 739 879 804 oblita
901 739 992 805 medo
1013 740 1179 805 Hectorem
1202 740 1337 806 allocuta

290 847 340 926 sit,
364 847 452 927 quasi
474 847 541 930 ipse
564 845 702 926 adesset,
739 865 849 928 parum
880 847 1048 912 verisimile
1082 851 1140 926 est,
1176 866 1244 913 earn
1276 867 1336 913 une

288 973 378 1019 versu
406 957 479 1036 post
508 973 614 1018 rursus
645 953 807 1018 Hecubam
844 954 960 1033 alloqui
996 953 1122 1037 ejusque
1152 954 1269 1038 judicio
1304 975 1337 1021 ee

293 1061 384 1142 quasi
408 1061 600 1140 submittere,
626 1059 680 1126 sed
705 1061 805 1126 anime
831 1060 935 1126 delere
956 1061 1080 1144 incenso
1109 1062 1208 1126 rnulto
1237 1063 1337 1145 magis

289 1168 432 1233 convenit
455 1167 595 1249 quaestio
620 1167 783 1252 generalis,
815 1186 876 1248 que
906 1187 975 1232 oum
1000 1187 1035 1233 eo
1066 1168 1146 1233 unde
1182 1168 1258 1234 exiit
1294 1170 1336 1254 (.

289 1277 368 1359 631)
397 1275 531 1354 redierit,
563 1270 629 1358 jam
660 1275 690 1339 in
724 1275 882 1354 enuntiato
917 1274 1049 1340 relative
1085 1275 1227 1359 adjuncto
1264 1278 1335 1360 apte

289 1382 451 1446 Hecubam
476 1382 601 1462 adloqui
621 1383 735 1465 potest.
784 1381 829 1446 At
865 1382 948 1447 enirn
980 1379 1048 1463 ἔχει
1083 1383 1237 1464 glossema
1269 1403 1336 1450 1111

288 1508 324 1554 en
348 1508 383 1554 eo
408 1494 545 1572 apparet,
585 1489 667 1571 quod
695 1508 850 1573 nusquam
876 1489 989 1555 dicitur
1010 1485 1135 1554 ἐλάσσω
1157 1487 1251 1571 ἔχειν,
1282 1494 1337 1557 111

288 1615 408 1680 semper
432 1593 577 1677 ἔλασσον,
603 1597 640 1662 11.
664 1596 771 1681 Suppl.
801 1599 876 1676 733,
913 1597 1037 1678 Kri'rger
1062 1596 1101 1662 ad
1130 1597 1207 1662 Xen.
1235 1597 1334 1664 Anah.

289 1705 317 1782 1,
346 1705 395 1782 10,
420 1706 450 1767 8,
497 1704 675 1769 1111111111
706 1704 839 1787 quidem,
873 1702 928 1769 sed
958 1705 1061 1769 tamen
1094 1702 1162 1785 ἔχει
1191 1707 1274 1772 11111
1303 1726 1335 1773 11

285 1810 398 1875 habere
430 1809 533 1887 credo;
572 1811 706 1893 primum
742 1811 866 1889 idcirce,
907 1811 979 1891 quia
1015 1829 1104 1876 nemo
1140 1811 1337 1881 mediocriter

286 1917 402 1984 Graece
431 1917 539 1982 doetus
574 1918 701 2001 propter
731 1917 811 1982 illud
847 1917 951 2000 ipsum
981 1912 1106 1981 ἐλάσσω
1139 1919 1338 2003 adscripserit

286 2022 380 2105 ἔχειν,
417 2023 471 2089 111
507 2024 613 2108 petius
648 2020 740 2105 aloes,
775 2025 846 2089 tum
885 2024 958 2106 quia
993 2024 1109 2090 formae
1145 2021 1270 2091 dictaeo
1305 2034 1338 2094 et

288 2128 425 2195 ἔλασσον
449 2131 631 2214 saepissime
654 2151 672 2196 1
693 2131 829 2197 librariis
852 2131 990 2197 mutatae
1013 2131 1094 2196 sunt.
1142 2132 1179 2198 cf.
1204 2134 1239 2198 L.
1258 2136 1337 2201 Din-

286 2238 362 2303 dorf.
384 2239 415 2302 in
440 2237 545 2322 Steph.
572 2239 663 2304 Thes.
690 2239 746 2304 sub
780 2257 863 2304 voce.
912 2238 961 2303 Ad
992 2238 1071 2304 baec
1100 2239 1125 2304 si
1157 2239 1334 2311 adiunxeris

285 2363 363 2426 quae
388 2345 523 2410 diximus
541 2345 578 2410 de
601 2347 713 2411 natura
734 2345 986 2428 interrogationis
1003 2346 1245 2427 Andromachae,
1267 2349 1333 2432 jam

285 2471 408 2517 mecum
431 2451 560 2531 statues,
583 2452 613 2516 in
637 2452 802 2538 archetypo
826 2457 1006 2518 nostrerum
1029 2453 1173 2521 codicum
1196 2452 1333 2520 ἔλασσον

286 2559 468 2641 corruptum
493 2577 570 2636 esse,
594 2559 818 2641 librariumque
842 2559 994 2639 Vaticani,
1026 2579 1096 2624 curn
1120 2562 1332 2629 accusativum

285 2666 465 2745 invenisset,
489 2665 583 2732 etiam
607 2666 726 2750 reliqna
748 2667 842 2732 verba
874 2667 904 2731 in
938 2667 1199 2734 constructionem
1227 2689 1329 2736 11111.

248 2755 253 2770 ’
285 2793 309 2839 1.
328 2773 381 2841 inf.
399 2774 579 2852 mutavisse,
605 2793 675 2839 cum
690 2773 826 2840 Palatini
843 2775 977 2858 scriptor
992 2776 1121 2860 probam
1147 2777 1331 2861 scripturam

283 2880 405 2946 fidelius
430 2882 575 2947 servaret.

375 2991 449 3053 697.
490 2989 619 3054 Hecuba
644 2987 878 3054 Andromachae
903 2988 997 3054 dicit:

418 3091 478 3170 τὰς
500 3095 560 3177 μὲν
576 3089 734 3181 Ἕκτορος
752 3091 852 3175 τύχας

420 3198 515 3266 ἔασον
537 3194 575 3266 ed
596 3198 641 3288 μὴ
664 3196 787 3289 δάκρυά
811 3225 859 3266 νιν
884 3197 971 3287 σώσῃ
994 3197 1035 3266 τὰ
1062 3199 1113 3268 σά.

284 3301 322 3374 σύ
342 3305 388 3395 μὴ
409 3311 444 3374 Ρ.
473 3302 510 3373 οὗ
534 3305 593 3395 γὰρ
615 3310 653 3375 V.
700 3310 774 3374 Inde
799 3328 817 3374 1
839 3309 1034 3376 Kirchhoffie
1059 3330 1165 3378 omnes
1187 3313 1329 3393 editores,

285 3416 430 3481 Vaticani
451 3417 616 3483 lectionem
641 3416 920 3500 comprobaverunt
941 3417 972 3481 in
994 3437 1023 3482 r.
1048 3421 1111 3484 638
1138 3415 1235 3484 σώσει
1254 3423 1331 3486 1111-

283 3523 402 3588 111111.
463 3524 588 3608 injuria,
623 3543 694 3589 mea
728 3523 853 3607 quidem
893 3525 1058 3590 sententia.
1116 3527 1197 3592 Nam
1239 3547 1330 3612 aegre

282 3629 475 3696 Kirchbeldo
501 3630 634 3711 credam,
655 3631 790 3714 primum
812 3625 909 3696 σώσει
925 3652 944 3698 1
959 3632 1085 3698 librario
1101 3634 1132 3698 in
1151 3629 1238 3720 σώσῃ
1260 3655 1330 3700 rnu-

282 3738 394 3814 tatum,
421 3738 489 3802 tum
513 3758 569 3822 pro
594 3735 654 3825 γὰρ
685 3735 729 3824 μὴ
753 3739 785 3803 11
816 3740 936 3805 textum
956 3740 1079 3805 illatum
1105 3759 1182 3808 esee.
1228 3743 1330 3809 Multo

282 3845 407 3910 facilius
430 3845 498 3911 fieri
521 3848 633 3930 potuit,
667 3847 704 3914 ut
725 3843 786 3933 γὰρ
819 3848 858 3913 11
887 3848 1035 3916 rariorem
1070 3850 1329 3916 constructionem

284 3946 321 4020 od
343 3948 388 4042 μή
420 3953 633 4037 explicandam
665 3956 947 4040 superscriberetur
976 3975 1011 4023 ac
1038 3959 1147 4044 postea
1173 3958 1204 4023 in
1237 3959 1330 4030 verba
