3060 4574
618 329 838 398 „19-

213 519 335 601 quidem
367 519 459 603 Sopb.
482 521 531 586 ul.
555 524 620 586 299
646 518 702 585 cdv
726 515 755 584 δ’
781 518 951 608 ἐποτρύνει
973 521 1088 602 πέλας,
1121 523 1177 588 sed
1206 524 1257 588 bic

212 664 253 674 -
284 627 316 692 id
352 627 436 708 quod
468 629 536 712 jam
572 627 607 692 db
643 627 799 713 significat
822 667 865 676 -
888 625 944 693 σὺν
977 628 1159 694 adverbium
1194 630 1257 709 est;

211 732 369 800 diversum
394 736 488 800 etiam
514 736 562 801 est
582 736 648 818 lpb.
672 737 764 801 Taur.
792 739 878 802 1278
911 728 980 800 ἀπὸ
1011 733 1048 798 δὲ
1070 732 1258 801 ludouvicus

210 838 378 906 νυκτωπὸν
402 839 523 922 ἐξεῖλεν
542 843 678 929 βροτῶν,
717 843 771 908 ubi
799 844 909 909 tmesis
941 843 1066 925 quidem
1093 845 1258 910 statuenda

209 947 340 1027 ridetur,
366 949 421 1014 sed
445 952 577 1032 utraque
601 950 788 1033 praepositio
819 970 945 1034 prorsus
975 951 1058 1014 idem
1090 950 1253 1036 signifieat.

210 1054 305 1120 Aliud
341 1057 435 1122 etiam
474 1057 603 1136 accedit,
641 1057 722 1139 quod
759 1054 816 1121 ἐπὶ
849 1059 880 1122 in
916 1058 1121 1141 suspicionem
1153 1060 1254 1124 vocat.

210 1159 370 1229 Sententia
406 1165 488 1230 euim
523 1161 581 1230 ἐπὶ
612 1166 734 1251 κνέφας
760 1165 868 1251 παρῆν
902 1168 1013 1230 natura
1043 1185 1099 1230 sua
1135 1165 1256 1232 diversa

209 1269 257 1333 cst
285 1271 322 1335 ab
355 1271 395 1336 iis
426 1291 504 1353 quae
535 1273 716 1353 sequuntur.
762 1272 821 1336 Illa
856 1272 937 1337 enim
969 1273 1093 1354 tempus
1126 1273 1253 1352 indicat,

211 1394 282 1442 cnm
303 1377 352 1442 bis
378 1379 534 1461 quidhoc
558 1379 780 1463 temporabat,
806 1379 936 1444 dicatur.
984 1379 1093 1460 ltaque
1119 1380 1177 1445 illa
1206 1381 1254 1446 bis

207 1483 307 1568 logice
331 1486 495 1569 subjuncta
518 1486 574 1552 est.
620 1487 740 1566 Quibus
762 1484 799 1551 de
817 1487 918 1552 causis
934 1487 1138 1566 Hermaeum,
1161 1507 1254 1569 quem

207 1589 314 1657 laudat
343 1592 563 1669 Kircbboffius,
599 1594 732 1677 conjecit
769 1590 853 1674 ἐπεὶ,
891 1593 923 1657 in
959 1593 1102 1676 nimphae
1133 1613 1161 1659 v.
1188 1597 1252 1660 523

207 1699 300 1764 verba
314 1703 439 1786 πέτρας
456 1703 595 1776 σταθείς
610 1701 821 1783 transponens.
851 1702 886 1765 ln
904 1700 1033 1766 eandem
1046 1701 1254 1785 conjecturam

206 1805 315 1873 incidit
338 1808 499 1873 Dobraeus
522 1807 653 1893 (advers.
677 1807 722 1873 lV
745 1829 775 1890 p.
800 1810 840 1872 87
864 1806 912 1872 od.
936 1807 1062 1892 Boset),
1087 1809 1147 1873 nisi
1171 1808 1255 1890 quod

205 1911 237 1975 in
260 1915 404 1998 strophae
425 1935 517 1980 versu
540 1914 626 1980 nulla
649 1915 823 1980 mutatione
854 1915 939 1980 facta
962 1912 1129 2001 Τρωϊάδος
1159 1916 1252 1980 scribi

200 2018 298 2102 jubet,
334 2021 405 2086 coll.
429 2022 577 2088 Hecubae
609 2042 637 2087 v.
664 2025 717 2087 95.
766 2022 866 2102 Quam
904 2022 1113 2106 conjecturam
1147 2042 1252 2088 veram

203 2124 311 2193 babeo.

293 2235 369 2300 566.
605 2283 612 2299 .
639 2284 647 2299 .
673 2284 680 2298 .
706 2283 714 2298 .
740 2232 855 2321 ἐρημία

395 2341 549 2406 νεανίδων
570 2345 731 2429 στέφανον
753 2339 869 2429 ἐφερεν

393 2443 522 2536 Ἑλλάδι
544 2445 757 2537 κουροτρόφῳ

204 2551 416 2644 κουροτρόφῳ
428 2558 465 2623 Ρ.
503 2555 726 2645 κουροτρόφον
738 2558 776 2622 V.
814 2556 1026 2622 Kirchboffius
1043 2559 1074 2622 et
1089 2557 1249 2622 Nauokius

202 2657 424 2750 κουροτρόφον
458 2664 629 2744 ediderunt,
674 2665 756 2746 quod
799 2664 853 2728 ille
897 2663 1061 2729 artificiose
1105 2664 1246 2746 explieat,

203 2774 364 2857 στέφανον
398 2768 620 2858 κουροτρόφον
652 2791 721 2836 eam
751 2790 819 2836 esse
851 2771 955 2836 dicens
984 2788 1136 2848 eoronam,
1169 2789 1248 2852 quae

203 2881 424 2965 κουροτροφίᾳ
443 2879 594 2961 pariatur.
642 2877 703 2944 Sed
718 2897 871 2958 nusquam
895 2877 971 2942 alibi
986 2878 1044 2942 hoo
1060 2876 1249 2960 adjectivum

201 2986 325 3066 passivo
350 3004 442 3051 sensu
463 2988 639 3068 usurpatur,
665 3004 847 3068 semperque
869 2985 923 3050 aut
947 2985 1047 3050 terrae
1072 2984 1169 3050 alicui
1193 2987 1249 3051 aut

202 3090 258 3157 deo
280 3096 336 3158 aut
359 3094 441 3158 certe
463 3093 658 3160 substantivo
682 3094 842 3158 abstracto
865 3093 913 3158 ita
937 3091 1093 3170 tribuitur,
1125 3093 1161 3156 nt
1184 3093 1248 3174 sig-

201 3198 307 3264 nificet
333 3199 480 3282 „juvenes
504 3200 623 3280 alens“,
645 3200 682 3266 cf.
701 3200 759 3266 Od.
777 3201 830 3278 IX,
855 3204 909 3266 27.
934 3200 1007 3265 Eur.
1033 3199 1145 3264 Bacch.
1172 3201 1247 3265 420.

199 3303 254 3370 Ar.
278 3306 405 3372 Tbesm,
430 3309 506 3374 300.
553 3307 664 3390 ltaque
689 3306 815 3372 dativus
839 3308 942 3372 rectus
970 3306 1064 3390 erit).

292 3415 367 3478 634.
415 3413 632 3480 Andromacha
656 3415 829 3492 Hecubam,
855 3433 934 3494 quae
951 3413 1125 3497 Polyxenus
1147 3417 1247 3479 morte

202 3519 310 3585 audita
330 3537 409 3586 novo
431 3521 535 3586 dolore
559 3522 692 3586 excitata
716 3523 772 3600 est,
797 3520 995 3587 consolatura
1019 3518 1110 3584 dicit:

336 3616 362 3688 ὦ
385 3628 487 3715 μῆτερ
511 3617 537 3692 ὦ
557 3627 706 3708 τεκοῦσα,
731 3625 902 3692 κάλλιστον
925 3621 1021 3712 λόγον

335 3723 483 3815 ἄκουσον,
506 3727 550 3810 ὥς
571 3754 624 3798 σοι
647 3735 765 3820 τέρψιν
787 3732 918 3818 ἐμβάλω
943 3737 1046 3820 φρενί.

199 3893 407 3902 -....-..--———..

288 3961 309 4026 ¹)
326 3957 359 4011 cf.
377 3959 459 4014 eum
481 3957 611 4028 flatsach,
635 3961 775 4014 comment.
799 3959 864 4014 Eur.
880 3975 951 4028 spec.
971 3957 1046 4014 (llutz
1073 3955 1140 4010 1880
1158 3973 1183 4026 p.
1204 3959 1244 4012 14.

1121 4058 1152 4112 2*

264 4200 283 4262 1
