3060 4574
651 373 849 434 ..9-

238 565 405 646 προσίστω
440 559 571 642 pendere
605 559 718 642 potest.
784 561 1032 644 προσίστασθαι
1072 560 1174 624 autem
1207 578 1278 625 eum

241 667 416 733 accusative
440 667 518 730 nihil
541 666 696 748 signifieat
724 665 784 730 nisi
821 665 965 730 accedere
1000 665 1040 728 ad
1075 665 1203 747 aliquid,
1239 666 1276 730 ef.

237 775 349 840 Aeseh.
384 775 469 838 Pers.
513 777 576 839 199
612 767 722 855 βωμὸν
757 773 948 857 προσέστην.
1009 771 1141 836 Datirus
1182 772 1279 858 igitur

238 878 360 962 τύχαις,
396 881 449 962 qui
471 883 593 963 praeter
627 880 836 944 acensetivum
867 878 906 942 ad
929 881 1097 964 προσίστω
1135 879 1278 944 aecedere

238 1008 299 1052 non
320 991 435 1069 petest,
463 1005 533 1052 eum
556 982 702 1050 πλέουσα
732 985 875 1069 conjungi
907 985 1007 1064 deber,
1037 984 1119 1065 quod
1150 987 1277 1051 verbum

233 1095 298 1180 jam
329 1091 414 1180 πρὸς
436 1094 522 1175 κῦμα
550 1113 655 1160 seeum
683 1094 786 1158 habet.
834 1091 1009 1157 Cumulatio
1040 1093 1138 1177 igitur
1168 1093 1277 1158 defini-

239 1201 357 1266 tionum
382 1201 507 1266 exsistit
528 1220 637 1284 parum
657 1205 742 1283 apta.
791 1199 852 1264 Sed
869 1201 1000 1264 maxime
1021 1203 1189 1285 προσίστω
1205 1201 1278 1266 terri

237 1327 296 1376 non
318 1329 409 1392 pesse
434 1328 470 1372 ex
491 1309 559 1390 ipsa
582 1308 807 1393 significatione
831 1307 983 1372 enuntiati
1006 1308 1143 1390 primarii
1166 1309 1276 1374 elueet.

238 1417 318 1482 Nam
341 1417 435 1481 verba
462 1415 593 1494 „aceede
609 1417 649 1481 ad
666 1416 822 1480 rostrum'
840 1415 869 1478 in
888 1415 945 1480 hee
965 1415 1187 1480 sententiarum
1199 1435 1278 1482 nexu

239 1523 370 1588 absurda
390 1543 457 1588 esse
470 1543 560 1588 neme
574 1541 648 1588 sano
657 1523 775 1606 judicie
788 1541 862 1588 usus
879 1542 938 1588 nen
950 1523 1045 1588 videt.
1070 1525 1174 1608 Lange
1187 1525 1278 1590 aliter

237 1632 373 1698 Palatini
392 1631 485 1698 lectio
510 1651 542 1695 se
579 1632 682 1696 habet.
743 1630 777 1694 Si
813 1630 893 1694 enim
928 1631 1022 1695 activi
1056 1631 1277 1714 imperativum

237 1739 381 1824 legimus,
406 1741 501 1804 verba
525 1735 610 1824 πρὸς
637 1737 723 1818 κῦμα
749 1736 960 1820 conjungenda
990 1739 1063 1802 sunt
1087 1759 1156 1806 aum
1184 1742 1276 1806 verbe

237 1848 333 1926 finite,
356 1850 448 1926 atque
472 1847 632 1928 aptissime
656 1845 754 1910 eratin
770 1845 915 1909 Haeubae
931 1845 989 1908 hee
1013 1846 1104 1910 medo
1123 1849 1276 1928 presedit:

237 1956 320 2020 ritae
364 1972 474 2019 navem
512 1953 659 2018 adversus
698 1952 812 2017 undam
855 1951 961 2032 dirige,
1007 1954 1099 2018 rebus
1141 1954 1278 2024 adversis

236 2062 396 2146 navigans;
420 2061 457 2126 ds
479 2061 581 2126 verbis
605 2061 750 2124 πλέουσα
774 2057 887 2138 τύχαις
909 2059 979 2124 vide
1005 2061 1185 2144 Tyrellium.

327 2169 362 2232 In
383 2188 411 2233 v.
439 2169 503 2234 120
527 2187 574 2249 sq.
598 2167 728 2232 Heeuba
751 2167 908 2232 miseriam
931 2186 1017 2231 suam
1043 2167 1206 2248 deplorans
1227 2189 1276 2234 se-

236 2274 371 2342 eundum
393 2276 422 2340 V
446 2275 538 2339 dicit:

369 2381 476 2461 μοῦσα
497 2380 533 2444 δὲ
556 2373 657 2466 καύτὴ
680 2391 752 2456 τοῖς
776 2375 944 2465 δυστήνοις

369 2481 450 2564 δσας
473 2485 622 2552 κελαδεῖν
640 2481 845 2574 ἀχορεύτους.
892 2488 917 2552 Ρ
939 2508 994 2572 pro
1018 2480 1120 2552 καδνν’
1148 2489 1277 2570 praebet

236 2586 347 2681 χαῦτη.
394 2594 604 2661 Kirehheffius
634 2597 663 2659 V
689 2596 813 2660 secutus
839 2596 870 2659 in
905 2596 952 2660 ed.
974 2596 988 2660 l
1013 2595 1156 2661 adnotat:
1194 2615 1276 2674 „non

236 2702 429 2768 sollicitanda
455 2703 622 2786 proborum
650 2701 801 2767 librorum
824 2703 987 2787 scriptura,
1018 2722 1129 2780 „musa
1156 2703 1277 2784 etipsa

236 2815 285 2876 est
307 2811 448 2876 miserias
469 2808 628 2892 deplorare
652 2811 881 2888 tristissimas“‚
906 2811 936 2874 h.
954 2829 980 2876 e.
998 2811 1030 2875 id
1046 2829 1141 2889 genus
1158 2827 1274 2887 musae,

235 2919 317 3004 quod
340 2919 480 2984 versatur
502 2917 536 2980 in
557 2917 838 2994 lamentationibus,
864 2921 896 2982 et
909 2918 1011 2998 ipsum
1028 2935 1133 2980 musae
1154 2919 1276 2986 nomine

234 3047 295 3094 non
329 3027 500 3110 indignum,
542 3023 615 3105 qnia
648 3025 739 3088 affert
770 3024 821 3089 rel
856 3044 911 3106 per
944 3024 1105 3090 tristitiam
1134 3025 1275 3090 umbram

235 3136 347 3202 saltem
369 3132 508 3199 laetitiae
533 3179 540 3194 .
567 3180 575 3196 .
601 3180 608 3196 .
635 3131 679 3196 sie
700 3130 796 3196 etiam
818 3131 912 3198 schol.
936 3133 991 3196 καὶ
1014 3125 1095 3217 αὐτὴ
1114 3131 1159 3212 δέ,
1184 3153 1274 3218 φησι,

233 3247 434 3330 παραμυθία
457 3253 550 3334 Ιτοῖς
594 3242 787 3322 δυστυχοῦσι
837 3239 896 3318 τὰς
950 3242 1073 3308 ἑαυτῶν
1129 3242 1276 3330 [θρηνεῖν

235 3348 452 3438 συμφοράς].“
502 3349 563 3418 Sed
586 3351 705 3416 diverse
729 3355 859 3433 uterque
876 3351 1107 3432 interpretatur.
1156 3350 1275 3414 Seholi-

233 3463 301 3524 asta
333 3461 437 3524 laeum
472 3459 613 3542 expedire
648 3458 763 3538 studet,
798 3478 853 3540 pro
890 3457 997 3539 μοῦσα
1031 3457 1061 3522 in
1096 3455 1275 3540 paraphrasi

240 3605 357 3612 -1-0--n-
365 3607 391 3612 .-
404 3605 446 3612 --μ-

232 3670 279 3722 sed
297 3669 413 3723 aelisam
425 3671 590 3738 potestatem,
610 3667 678 3736 qued
693 3669 800 3736 quidem
817 3668 909 3734 sciam,
926 3681 979 3720 une
992 3667 1096 3719 tantum
1108 3665 1165 3718 loen
1178 3665 1275 3720 habere

231 3755 551 3824 videtrquh.Tau1·.408
571 3751 703 3805 ἔπλευσαν
716 3751 758 3804 ἐπὶ
774 3753 871 3804 νιόνιιιι
886 3751 993 3822 aripenne
1009 3747 1088 3802 ra'i'or
1102 3749 1210 3822 ὄχημαχ
1228 3753 1274 3806 sed

231 3839 269 3894 ibi
287 3841 457 3895 Hermannus
471 3839 560 3912 tpipm
580 3838 712 3893 intellexit
730 3841 888 3906 vectionem,
906 3837 1058 3890 Dindoriins
1077 3854 1123 3906 pre
1143 3835 1275 3890 ἐιιλιυσιιν

231 3927 311 3980 scribi
327 3929 410 3996 jussit
428 3929 573 3996 πόρευσον,
595 3925 741 3980 Koechlius
760 3925 898 3996 ἔπεμψαν,
917 3923 1156 3980 Raueheneteinius
1179 3925 1274 3992 (progr.

231 4015 327 4084 Argov.
347 4029 369 4068 a„
390 4013 457 4070 1860
473 4031 498 4084 p.
518 4013 597 4082 Vlll)
617 4009 744 4064 ἔστειλαν.
