3060 4574
661 347 883 412 ,28-

245 536 277 599 in
305 536 408 601 animo
440 535 496 612 est,
532 553 602 602 cum
631 536 671 600 iis
701 536 775 601 viris
805 535 996 615 contendero,
1034 537 1087 619 qui
1121 535 1292 620 sagacitate

231 631 450 723 ¹doctrinaque
474 642 598 726 egregie
623 642 659 707 de
683 643 830 725 Euripide
853 643 1040 722 meruerunt,
1066 661 1173 708 verum
1194 644 1220 708 si
1240 644 1293 708 uni

244 749 294 814 rel
328 749 418 813 alteri
450 750 517 813 loco
553 769 604 813 me
648 749 800 830 profuisse
835 751 928 832 periti
962 749 1194 828 existimabunt,
1230 769 1292 814 non

242 855 415 938 poenitebit
442 855 558 920 laboris
591 875 668 934 eum,
708 857 761 938 qui
796 856 960 921 lectionem
994 876 1049 939 pro
1089 857 1172 921 virili
1204 857 1292 938 parte

249 963 413 1027 sublevare
444 963 568 1045 cupiens
597 963 687 1044 plura
720 963 876 1029 incassum
907 963 1086 1045 procudisse
1118 967 1290 1028 censeatur.

244 1069 332 1149 Quod
352 1089 423 1135 vero
447 1069 478 1133 in
499 1069 556 1134 hac
573 1088 694 1151 quoque
710 1071 885 1154 scriptionis
902 1069 990 1153 parte'
1006 1071 1147 1154 inprimis
1170 1071 1291 1136 Naucki

243 1177 346 1240 studia
383 1176 550 1258 Euripides
585 1177 757 1259 respiciam,
793 1178 916 1242 tantum
961 1176 1102 1242 debitum
1144 1178 1292 1242 honorem

247 1283 382 1348 tribuam
407 1283 491 1366 operi
514 1282 561 1347 illi
580 1283 718 1373 doctrina
742 1284 772 1348 et
796 1284 906 1368 judicii
926 1285 1083 1368 elegantia
1105 1286 1150 1349 ita
1165 1285 1289 1369 insigni,

242 1391 277 1456 ut
300 1391 423 1473 praeter
446 1390 566 1455 codices
584 1391 672 1473 quasi
688 1391 923 1456 fundamentum
946 1392 1052 1456 haberi
1067 1393 1170 1474 possit
1185 1411 1291 1458 earum

244 1497 421 1562 fabularum
445 1503 483 1562 ad
509 1509 585 1579 quas
608 1498 744 1580 pertinet
767 1498 1035 1564 emendandarum.

333 1623 362 1671 v.
387 1607 429 1668 48
453 1623 518 1686 sq:

377 1708 484 1790 ἔξεστι
508 1707 564 1775 τὸν
587 1713 671 1796 γένει
692 1710 752 1792 μὲν
778 1701 931 1795 ἄγχιστον
954 1709 1082 1797 πατρὸς

376 1820 479 1901 μέγαν
497 1841 533 1881 τε
556 1811 684 1898 δαίμον’
707 1815 739 1881 ἒν
763 1821 860 1893 θεοῖς
883 1841 919 1882 τε
942 1823 1051 1900 τίμιον

376 1922 519 1988 λύσασαν
542 1922 666 2010 ἔχθραν
687 1921 743 2012 τὴν
762 1922 870 2011 πάρος
893 1930 1145 2011 mecumtecum

243 2031 346 2096 Verba
389 2036 462 2096 sunt
496 2032 696 2096 Minervaea
730 2033 876 2114 Neptuno
915 2035 1079 2116 petiturae,
1117 2035 1152 2098 ut
1186 2053 1291 2099 secum

243 2138 377 2203 Graecos
413 2138 532 2222 perdat.
592 2139 696 2219 Atque
729 2139 848 2220 primus
881 2159 988 2206 versus
1022 2141 1158 2206 breviter
1198 2141 1291 2224 atque

242 2245 400 2329 eleganter
422 2247 611 2328 Neptunum,
637 2265 729 2326 quem
751 2247 892 2313 Minerva
923 2249 1101 2330 alloquitur,
1134 2248 1287 2331 designet,

242 2353 276 2416 ut
319 2353 403 2417 nulla
447 2353 646 2435 amplificatio
700 2354 791 2437 hujus
841 2355 1037 2420 allocutionis
1086 2355 1286 2421 desideretur.

240 2459 321 2522 Eum
350 2459 431 2523 enim
455 2459 510 2539 qui
524 2459 597 2523 lovi
619 2478 731 2543 genere
745 2461 906 2542 proximus
928 2464 984 2540 est,
1010 2481 1131 2527 summa
1151 2461 1290 2544 potentia

243 2565 438 2647 summisque
460 2566 626 2630 honoribus
638 2567 695 2644 uti,
725 2586 781 2631 sua
803 2569 911 2650 sponte
926 2569 1122 2653 intelligitur.
1161 2569 1289 2634 Offendo

244 2673 342 2757 igitur
365 2672 399 2737 in
423 2691 523 2751 versu,
549 2673 602 2753 qui
625 2673 773 2755 sequitur,
798 2675 946 2756 quicum
969 2676 1001 2740 id
1023 2676 1105 2756 quod
1120 2676 1186 2759 jam
1208 2677 1291 2741 inest

243 2781 275 2844 in
301 2800 392 2846 versu
417 2780 572 2863 superiore
604 2781 759 2862 expressis
790 2783 893 2847 verbis
923 2782 1027 2860 addat,
1061 2783 1147 2848 illius
1172 2802 1288 2862 vorsus,

244 2889 300 2970 qui
325 2888 351 2951 si
376 2889 460 2952 solus
483 2888 648 2972 legeretur,
672 2888 820 2974 Aeschyli
836 2890 1022 2956 brevitatem
1040 2891 1072 2955 et
1084 2891 1292 2974 granditatem

245 2994 402 3074 aequaret,
437 2995 500 3059 rim
530 2995 729 3060 vehementer·
759 2997 908 3080 infringit.
962 2996 1047 3075 Quae
1079 2997 1205 3063 offensio
1233 3016 1291 3063 non

242 3101 378 3179 tollitur,
405 3101 528 3165 etiamsi
545 3120 615 3166 cum
639 3103 782 3166 Dobraeo
806 3103 947 3183 legamus
969 3104 1070 3187 μέγαν
1099 3103 1134 3168 dt
1164 3097 1290 3185 δαίμον’

242 3232 271 3271 κ.
292 3232 320 3271 r.
338 3207 367 3270 1.
412 3206 519 3287 Quid?
544 3208 625 3289 quod
649 3227 741 3273 versu
763 3207 864 3274 deleto
890 3212 1046 3292 comparet
1069 3211 1199 3277 diverbii
1219 3231 1291 3278 eon-

249 3316 391 3394 cinnitas,
427 3333 519 3397 quam
551 3315 731 3398 Euripidem
764 3315 925 3381 adamasse
961 3319 1105 3383 constat?
1157 3319 1296 3384 Utuntur

248 3423 328 3488 enim
347 3423 412 3506 jam
435 3422 578 3488 Minerva
605 3424 636 3488 et
657 3424 821 3506 Neptunus
852 3425 986 3507 primum
1008 3426 1171 3509 quinquies
1201 3426 1290 3504 binis,

246 3531 314 3594 tum
337 3532 386 3593 ter
410 3530 541 3614 singulis
564 3529 742 3615 versibus1).
789 3531 898 3613 Neque
922 3532 955 3597 in
978 3534 1107 3598 obscuro
1137 3535 1184 3598 est
1206 3535 1292 3618 origo

329 3720 350 3788 ¹)
369 3719 495 3776 Consulto
514 3722 639 3778 cavimus
657 3738 691 3775 ne
712 3737 841 3776 versuum
860 3722 1048 3793 aequabilitate
1065 3741 1112 3794 pro
1135 3727 1292 3796 argumento

238 3809 376 3861 uteremur
395 3807 429 3860 ad
446 3822 556 3862 versum
574 3809 608 3862 49
627 3808 749 3878 spurium
767 3811 1007 3878 comprobandum
1025 3815 1113 3879 prima
1131 3812 1293 3866 enimverba

239 3909 367 3963 personae
384 3893 503 3962 primum
520 3895 549 3947 in
561 3911 687 3950 scaenam
705 3896 861 3964 prodeuntis
880 3897 1000 3968 longiora
1013 3913 1071 3952 esse
1090 3913 1171 3969 quam
1183 3914 1215 3952 oa
1225 3914 1293 3970 quae

239 3981 391 4064 sequuntur
411 3996 459 4049 per
476 3996 505 4036 se
522 3997 575 4037 non
593 3982 693 4038 mirum
711 3983 759 4038 est.
