3060 4574
649 292 866 356 ..23-

241 483 348 565 poetae
371 482 546 548 inferretur.
596 479 727 547 Constat
745 481 861 560 autem,
888 473 925 546 ού
940 474 985 565 μή
1005 499 1074 544 cum
1091 479 1284 564 conjunctivo

242 589 347 655 acdeti
372 588 422 656 vel
441 589 607 655 indicativo
629 588 725 654 futuri
750 587 789 653 ad
812 608 878 654 rem
902 586 1090 652 confidenter
1111 586 1283 671 negandam

241 697 417 784 usurparit.
474 698 608 782 Egregie
630 697 727 782 igitur
756 700 882 762 nostrae
910 694 1082 760 sententiae
1102 693 1179 759 haec
1210 712 1284 758 cen·

241 806 369 871 stmctic
394 805 554 882 eonvenit;
578 823 650 870 nem
672 823 705 869 re
721 823 796 870 vera
810 803 955 869 lacrimae
971 801 1128 868 mertuum
1140 802 1171 865 in
1187 800 1283 867 vitam

240 930 380 977 revocare
414 913 580 994 nequeunt.
641 910 847 993 Interpolater
882 908 1029 975 haerebat
1059 908 1090 972 in
1122 907 1280 993 asyndetc‚

241 1037 300 1101 que
325 1020 396 1102 post
416 1016 512 1083 ἔασον
532 1019 682 1100 pergitur,
715 1018 771 1082 sed
794 1017 922 1082 minime
945 1017 977 1081 in
1001 1035 1036 1081 eo
1067 1015 1283 1082 effendendum

241 1145 306 1192 csse
330 1125 439 1190 docent
461 1126 496 1190 hi
518 1126 581 1191 loci
604 1125 670 1208 lph.
696 1124 768 1189 Aul.
796 1127 870 1204 671,
900 1124 967 1206 lph.
991 1124 1086 1188 Taur.
1112 1125 1187 1188 927,
1227 1122 1281 1188 Or.

240 1235 313 1299 634.
336 1233 430 1317 Hipp.
453 1235 529 1297 521.

328 1342 402 1405 723.
448 1339 634 1424 Talthybius
658 1337 907 1404 Andromacham
929 1337 1068 1415 hortans,
1092 1356 1129 1401 ne
1146 1335 1281 1402 craeco-

239 1467 308 1512 rum
333 1446 455 1513 decrero
479 1447 617 1525 resistat,
645 1444 722 1510 dicit
743 1443 824 1532 μήτε
849 1445 1013 1510 σθένουσα
1035 1442 1135 1529 μηδὲν
1161 1441 1282 1525 ἰσχύειν

238 1551 335 1619 ύόκει.
382 1551 503 1635 ἰσχύειν
536 1555 574 1618 Ρ.
611 1549 752 1633 ἰσχύσειν
792 1554 829 1618 V.
880 1551 1033 1632 Equidem
1066 1551 1126 1616 hcc
1159 1571 1281 1634 quoqne

237 1661 304 1726 leco
326 1661 466 1726 Palatini
487 1660 653 1725 lectionem
673 1661 781 1725 eontra
803 1658 1030 1724 Kirchheffium
1054 1657 1086 1723 et
1105 1659 1281 1725 Nauckium

238 1768 418 1846 defendam3
441 1785 585 1850 praesens
602 1768 683 1831 enim
704 1767 806 1849 aptius
822 1765 945 1831 videtur
961 1784 1038 1844 esse,
1063 1765 1138 1848 quie
1151 1766 1281 1831 verbum

239 1873 359 1957 ἰσχύειν
385 1894 443 1941 ncn
466 1875 617 1940 actionem
638 1874 790 1960 designat,
824 1873 879 1938 sed
899 1872 1109 1938 condicionem
1137 1872 1280 1938 eandem·

238 2002 296 2066 que
319 1982 382 2048 fere
406 1983 470 2048 rim
493 1981 589 2046 habet
611 2001 705 2063 quam
728 1983 868 2046 σθένειν.
916 1979 949 2045 Si
973 1999 1045 2045 vero
1061 1979 1282 2045 Andromacha

235 2090 340 2173 paullo
363 2090 435 2174 post
463 2094 570 2156 centra
595 2088 729 2155 Graecos
763 2087 868 2154 valida
895 2087 963 2166 erit,
995 2087 1181 2151 etiamtum
1211 2105 1280 2151 cum

235 2217 306 2263 cum
322 2197 487 2282 Talthybic
504 2196 653 2277 loquitur,
675 2196 733 2261 hec
756 2195 851 2260 robur
866 2194 987 2260 sentiet.
1033 2191 1173 2272 Accedit,
1199 2193 1282 2275 quod

236 2305 391 2388 praesenti
411 2305 551 2388 tempore
575 2303 740 2387 oppositio,
771 2321 849 2384 qnae
881 2302 961 2367 inter
990 2301 1085 2366 verba
1116 2303 1282 2366 σθένουσα

235 2411 334 2498 μηδὲν
358 2411 389 2477 et
413 2409 535 2493 ἰσχύειν
560 2408 649 2475 δόκει
668 2410 835 2476 intercedit
858 2409 911 2494 (cf.
933 2411 1045 2476 Bacch.
1072 2411 1161 2496 332),
1195 2427 1281 2475 ecer-

235 2519 305 2584 bins
342 2519 469 2585 effertur
504 2537 598 2598 qnam
632 2517 746 2584 future.
785 2518 824 2583 el.
863 2518 958 2583 etiam
986 2517 1160 2584 Weckleini
1196 2516 1279 2584 stud.

234 2625 307 2692 llnr.
352 2677 359 2691 .
385 2629 425 2692 41
454 2677 461 2690 .

325 2648 401 2799 ξπ).
431 2628 580 2798 6Hecuba
603 2733 754 2798 Helenam
773 2732 927 2810 refellens,
959 2749 1039 2812 quae
1062 2729 1189 2796 dearum
1213 2748 1280 2795 cer·

235 2841 389 2907 tamenin
413 2860 505 2906 suum
527 2840 667 2905 favorem
686 2839 830 2918 verterat,
854 2837 947 2904 dicit:

339 2981 359 3049 ¹)
377 2978 409 3031 ού
426 2979 463 3050 μή
487 2995 549 3033 cum
572 2979 662 3033 futuro
689 2979 862 3048 conjunctum
883 2977 934 3034 hac
957 2979 1091 3034 sententia
1116 2979 1180 3048 poni
1201 2982 1282 3052 neget

233 3065 372 3120 Nauckius
396 3066 431 3120 ad
455 3064 534 3134 Soph.
560 3064 768 3122 Ostentare
793 3063 954 3135 Elmslejum
977 3066 1011 3120 ad
1032 3065 1101 3120 Med.
1124 3082 1150 3135 p.
1169 3065 1221 3122 252
1239 3084 1281 3122 se-

233 3153 319 3221 cutus,
337 3151 384 3206 scd
402 3152 435 3206 ci.
453 3150 515 3204 Eur.
534 3149 634 3207 Phceu.
654 3151 729 3220 1590,
746 3151 845 3206 Bacch.
864 3151 924 3221 852,
943 3152 1022 3221 Soph.
1046 3152 1086 3207 lu
1112 3151 1187 3210 1052.
1210 3152 1280 3209 Plet.

235 3237 297 3292 crit
315 3237 386 3292 4413.
423 3237 597 3292 Grammatiei
614 3237 684 3292 hanc
702 3237 808 3292 dicendi
825 3238 968 3294 formulam
986 3255 1033 3308 per
1044 3238 1153 3308 ellipsin
1164 3239 1281 3294 notionis

234 3323 347 3378 timendi
365 3323 491 3392 expedire
515 3323 609 3392 solent,
635 3324 674 3378 ita
694 3325 726 3377 ut
748 3324 837 3379 vulcat
859 3323 890 3375 ού
914 3323 1004 3378 δεινὸν
1027 3323 1072 3395 μὴ.
1107 3325 1174 3378 Tum
1198 3325 1283 3395 igitur

233 3410 346 3464 Hecube
373 3410 508 3478 gauderet,
530 3410 600 3478 quod
622 3410 765 3464 Hectorem
786 3409 855 3462 nihil
877 3411 911 3465 ab
933 3411 1025 3465 inieris
1048 3409 1165 3464 excitare
1187 3413 1280 3479 possit.

233 3495 285 3562 Qui
303 3509 399 3550 sensus
417 3497 459 3548 est
480 3493 578 3549 nullus.
616 3495 667 3550 Sed
695 3499 727 3550 ut
753 3497 844 3550 nostro
867 3495 925 3551 loco
948 3497 987 3552 ita
1010 3495 1118 3564 saepius
1146 3499 1281 3554 contraria

231 3582 304 3637 notio
322 3583 402 3648 etque
421 3580 584 3636 timendi-
601 3582 676 3637 notio
693 3583 824 3636 nimirum
847 3581 971 3650 sperandi
997 3582 1041 3636 vel
1066 3584 1176 3652 optandi
1194 3616 1227 3624 —
1246 3587 1281 3641 ad

232 3667 263 3718 ού
289 3665 474 3722 subaudienda
497 3669 545 3736 est
571 3668 604 3722 ci.
632 3667 700 3724 Plst
719 3668 783 3724 urit
806 3667 878 3725 4413.
906 3668 1005 3724 Phaed.
1024 3668 1095 3724 66Β.
1130 3668 1200 3726 Xen.
1219 3669 1279 3740 Cyn.

230 3751 280 3822 ΠΙ,
299 3751 324 3820 2,
341 3749 366 3806 8.
402 3751 513 3806 Rectius
530 3753 614 3824 igitur
628 3755 793 3823 jndicarisse
811 3755 969 3808 crediderim
986 3753 1128 3824 Kripulum
1146 3755 1174 3810 in
1192 3757 1279 3812 annal.

231 3853 322 3910 gymn.
342 3837 431 3894 hustr.
450 3853 473 3894 a.
493 3838 560 3896 1856
578 3857 603 3909 p.
621 3839 681 3909 832,
698 3839 735 3911 μὴ
753 3857 803 3898 sua
819 3841 926 3910 propria
944 3841 1052 3898 arcendi
1069 3843 1098 3897 vi
1110 3841 1227 3912 positum
1245 3844 1280 3898 ad

230 3922 400 3996 negationem
418 3926 570 3998 aagendam
587 3927 724 3982 inservire.
