3060 4574
598 263 819 330 ..33-

193 455 241 520 De
264 454 410 539 adjectivi
434 446 532 540 ἄκρος
547 453 698 519 translata
715 453 939 535 significatione
961 454 999 519 cf.
1016 455 1136 520 Nauck.
1154 455 1183 520 st
1206 451 1235 520 d.

190 562 223 626 ΙΙ
245 582 274 644 p.
303 560 367 626 1¹44
390 562 461 627 adn.

282 671 357 734 601.
384 659 410 732 ὦ
433 669 554 755 πατρὶς
577 659 603 732 ὦ
622 669 732 750 μελέα,
754 668 1035 749 καταλειπομέναν
1049 689 1084 733 σε
1097 666 1235 755 δακρύω,

189 777 244 840 νῦν
266 771 359 852 τέλος
384 773 511 861 οἰκτρὸν
536 771 624 861 ὁρᾷς,
650 777 705 840 καὶ
726 771 804 857 ἐμὸν
829 773 928 858 δόμον
950 770 1021 841 ἕνθ’
1047 773 1236 862 ἐλοχεύθην.

189 884 294 950 Verba
331 886 402 949 sunt
431 885 577 950 Hecubae
615 884 771 948 miseriam
807 885 918 970 Trojae
955 885 1153 967 deplorantis.
1201 885 1235 948 ln

193 992 294 1073 priore
316 1011 408 1058 versu
432 993 560 1057 uerbum
583 991 865 1072 καταλειπομέναν
880 992 1028 1076 languere
1044 1010 1143 1074 neque
1160 991 1237 1056 satis

193 1100 354 1164 convenire
379 1101 408 1164 ei
430 1100 563 1164 maerori
587 1099 676 1179 eique
701 1098 795 1164 animi
818 1099 927 1178 motui,
951 1118 1042 1181 quem
1061 1099 1093 1163 in
1109 1099 1237 1178 reliquis

191 1205 281 1289 hujus
305 1227 414 1272 versus
436 1207 538 1272 verbis
563 1225 734 1284 cernamus,
755 1206 825 1289 jure
848 1206 924 1270 dicit
939 1206 1099 1271 Nauckius
1114 1227 1144 1290 p.
1161 1207 1235 1271 144.

191 1312 223 1378 Si
246 1315 340 1395 poeta
363 1315 525 1380 Hecubam
545 1314 578 1378 id
601 1313 814 1396 deplorantem
837 1313 937 1379 facere
961 1313 1121 1391 uoluisset,
1154 1313 1236 1395 quod

190 1440 228 1486 ax
256 1423 332 1488 ruba
360 1442 417 1487 sua
447 1421 606 1488 discedere
638 1422 768 1506 cogitur,
807 1441 876 1486 eum
908 1441 1000 1487 usum
1032 1441 1099 1486 esse
1134 1421 1236 1486 activo

187 1529 273 1594 verbi
294 1530 503 1594 καταλείπειν
525 1531 762 1595 consentaneum
789 1509 917 1593 fuisset:
946 1529 1039 1612 Troja
1068 1530 1139 1612 ipsa
1167 1547 1235 1593 ma-

183 1635 284 1718 jorem
309 1636 447 1720 prolecto
476 1636 598 1701 cladem
625 1637 657 1700 et
691 1635 810 1717 accepit
841 1638 872 1700 et
899 1655 973 1701 mox
998 1637 1160 1719 acceptura
1189 1636 1237 1700 est

188 1761 279 1823 quam
315 1743 397 1825 quod
427 1743 536 1808 incolis
565 1743 687 1826 privata
718 1746 777 1808 est.
816 1743 924 1823 ltaque
953 1743 1113 1809 Nauckius
1144 1744 1237 1808 scribi

187 1852 332 1933 proponit
354 1853 638 1937 καταιοφομέναν,
671 1849 754 1934 quod
777 1850 882 1914 tamen
909 1851 975 1933 jam
1007 1869 1045 1916 aa
1077 1850 1114 1915 de
1142 1869 1236 1915 causa

186 1975 292 2022 verum
316 1978 375 2023 non
396 1960 463 2036 erit,
488 1958 562 2039 quia
585 1957 660 2024 alibi
677 1959 736 2023 hoc
758 1959 886 2022 verbum
911 1958 993 2041 apud
1018 1957 1154 2024 Graecos
1176 1978 1235 2022 uon

185 2063 349 2132 invenitur.
403 2064 518 2130 Melius
553 2066 585 2128 et
616 2065 720 2131 sensui
752 2065 783 2128 el
810 2064 961 2129 librorum
994 2065 1136 2148 vestigiis
1163 2084 1236 2129 con-

188 2173 272 2237 uenit
293 2173 569 2258 κατερειπομέναν
596 2172 617 2236 i.
643 2191 668 2236 e.
700 2172 910 2254 corruentem
944 2190 1119 2253 quanquam
1155 2171 1236 2236 eninr

187 2278 310 2344 demum
338 2281 369 2344 in
398 2300 426 2345 v.
455 2282 541 2344 1260
571 2299 617 2362 sq.
649 2279 837 2364 Talthybius
864 2279 964 2363 jubet,
997 2281 1095 2344 totam
1127 2279 1235 2344 urbem

186 2385 317 2464 incendi,
351 2388 455 2452 tamon
482 2386 564 2452 haud
596 2386 688 2452 dubie
716 2387 783 2470 jam
803 2391 872 2451 tum
900 2406 969 2452 oum
999 2386 1098 2452 nostri
1129 2405 1235 2452 uersus

193 2492 344 2571 dicuntur,
376 2495 510 2576 speciem
534 2495 717 2560 intereuntis
745 2495 889 2578 praebet3
918 2495 1001 2560 certe
1030 2494 1178 2559 Hecubae
1204 2497 1236 2559 et

188 2600 422 2665 Andromachae
440 2601 517 2666 baec
541 2603 660 2683 speeies
684 2607 754 2666 ante
779 2603 883 2666 oculos
898 2604 1049 2667 versatur.
1098 2603 1235 2668 Verbum

193 2709 452 2792 κατερείκεοθαι
477 2707 584 2772 eadem
609 2708 672 2772 fere
697 2709 851 2774 sententia
877 2727 937 2790 qua
960 2709 1066 2772 nostro
1097 2708 1166 2772 loco
1189 2710 1236 2773 le-

194 2814 279 2898 gitur
302 2814 378 2878 Heu.
405 2817 470 2879 477
493 2809 617 2894 χθονός
641 2805 690 2893 θ’,
712 2809 732 2876 ἃ
754 2815 869 2898 καπνῷ
892 2817 1159 2900 κατερείπεται.1)

283 2921 382 2987 Venio
403 2921 443 2986 ad
465 2940 495 2987 r.
519 2922 594 2998 602,
627 2921 681 3000 qui
705 2921 821 3005 etipse
846 2940 881 2986 ea
902 2922 989 2986 clade
1013 2921 1148 2988 afflictus
1176 2924 1233 3001 est,

192 3045 270 3102 quae
296 3027 326 3090 in
350 3029 480 3110 reliquis
499 3029 646 3093 Hecubae
679 3028 781 3095 uerbis
806 3028 978 3094 miserrime
1008 3033 1150 3116 grassata
1178 3033 1235 3097 est.

191 3131 224 3194 ln
258 3149 317 3212 quo
342 3136 487 3199 versuV
522 3137 652 3218 praebet
683 3138 737 3200 καὶ
772 3133 859 3218 ἐμὸν,
887 3138 912 3201 Ρ
948 3138 1002 3200 καὶ
1041 3134 1114 3221 lyd.
1159 3135 1234 3202 Cum

189 3239 290 3304 altera
324 3239 416 3306 lectio
452 3243 574 3308 omuino
608 3243 750 3330 intellegi
786 3249 920 3328 nequeat
956 3283 999 3293 -
1033 3244 1121 3308 deest
1154 3245 1236 3310 enim

189 3346 272 3412 notio
294 3365 373 3429 quac
390 3349 441 3413 est
459 3349 615 3431 postremo
632 3389 685 3430 -‚
710 3351 897 3417 recentiores
928 3351 1063 3416 editores
1093 3352 1236 3418 Vaticani

190 3455 374 3539 scripturam
392 3455 563 3536 ediderunt,
589 3479 659 3524 cunr
676 3458 856 3536 Matthiaea
882 3463 919 3522 ut
935 3457 1066 3534 videtur,
1090 3460 1237 3542 supplen-

189 3563 236 3628 tes
260 3565 542 3646 καταλειπομέναν
566 3560 695 3653 δακρύω
725 3565 756 3630 ct
786 3565 881 3631 verba
910 3556 1105 3650 νῦν-ὁρᾷς
1134 3566 1237 3632 madia

259 3741 400 3750 ———.

278 3807 297 3870 ¹)
315 3805 378 3860 Sero
399 3805 453 3858 vidi
469 3805 525 3874 jam
544 3805 646 3859 dudum
664 3821 771 3860 vorsum
784 3808 877 3860 eodaur
888 3805 965 3858 modo
983 3804 1136 3860 Jacobsiunr
1148 3823 1236 3860 omau-

190 3888 294 3942 duvissu
309 3890 336 3942 in
354 3892 532 3946 animadvers,
551 3893 584 3946 ud
603 3891 665 3946 Eur.
685 3894 800 3960 tragoed.
820 3909 844 3960 p.
862 3892 904 3946 96.

1148 3995 1164 4048 3
