3060 4574
650 389 869 451 ..43-

240 576 336 642 solem
360 594 434 660 prae
458 576 570 641 ceteris
599 575 700 640 iuuere
726 575 757 640 et
780 593 887 640 uersus
912 576 999 641 1069
1031 575 1221 640 demonstrat
1254 578 1285 640 et

241 683 294 748 alii
320 684 458 748 ueterum
474 682 544 747 loci.
583 683 620 746 cf.
646 681 735 746 Lucr.
754 682 791 760 V,
818 685 880 746 661
904 701 948 762 sq.

375 773 457 854 quod
473 791 571 856 genus
588 771 690 836 Idaeis
711 771 794 836 ieme
818 772 866 836 est
889 792 905 835 e
929 772 1086 839 montibus
1110 772 1182 837 altis

373 879 528 962 dispersos
551 880 632 964 ignis
657 879 766 943 orienti
789 879 905 944 lumine
929 879 1024 956 cerni,

373 985 444 1052 inde
462 987 544 1051 coire
557 987 685 1070 globum
703 987 792 1068 quasi
805 986 838 1050 in
852 1005 947 1050 unum
961 989 992 1051 et
1007 985 1154 1052 conficere
1168 987 1282 1051 orbem.

239 1099 347 1179 Pomp.
378 1095 462 1160 Mela
485 1095 526 1172 ll,
563 1097 620 1160 18:
660 1113 737 1177 prone
761 1114 780 1158 a
810 1093 913 1158 media
943 1095 1031 1158 nocte
1060 1095 1164 1178 spargi
1195 1094 1283 1178 ignes

238 1203 415 1286 passimque
438 1202 562 1278 micare,
587 1202 627 1279 et,
655 1201 691 1265 ut
709 1201 762 1265 lux
785 1201 1018 1282 appropinquat,
1055 1203 1101 1264 ita
1133 1201 1214 1266 coire
1246 1220 1285 1266 ao

239 1331 272 1376 se
295 1311 478 1394 conjungere
500 1308 651 1374 videntur.
685 1310 796 1390 Itaque
816 1309 918 1373 nescio
940 1327 976 1372 an
994 1308 1136 1391 Euripidi
1152 1308 1283 1374 redden-

239 1417 312 1484 dum
347 1418 390 1482 sit
423 1417 724 1502 περιλαμπομέναν,
766 1435 944 1498 quanquam
987 1416 1044 1480 hoc
1078 1417 1283 1499 compositum

241 1525 323 1608 apud
347 1525 482 1609 tragicos
506 1543 565 1588 non
589 1524 752 1588 insanitur.

334 1633 430 1696 1133.
477 1631 662 1716 Talthybius
700 1631 849 1694 Hecubae
886 1630 1001 1708 narrat,
1045 1630 1284 1712 Neoptolemum

238 1757 349 1804 navem
374 1738 504 1803 solvisse
527 1757 659 1820 eumque
684 1757 719 1802 eo
736 1736 983 1803 Andromacham
1005 1736 1176 1820 profectam
1200 1755 1282 1815 esse;

238 1847 305 1910 tum
328 1845 432 1930 pergit
452 1845 483 1909 in
507 1865 535 1910 r.
567 1848 647 1911 1133

801 1955 856 2014 καί
880 1947 929 2036 σφ’
961 1943 1103 2036 ᾐτήσατο

374 2057 491 2144 θάψαι
514 2055 624 2144 νεκρὸν
647 2051 744 2138 τόνδ’,
770 2054 805 2132 ὃς
828 2053 938 2120 πεσών
963 2054 1151 2137 decerpitur

373 2162 481 2252 ψυχὴν
507 2158 631 2250 ἀφῆκεν
643 2158 801 2249 Ἕκτορος
821 2164 880 2227 τοῦ
899 2163 957 2227 σοῦ
977 2161 1081 2248 γόνος,

373 2271 478 2359 φόβον
501 2265 530 2335 τ’
554 2265 698 2350 Ἀχαιῶν,
721 2267 925 2350 χαλκόνωτον
948 2263 1074 2333 ἀσπίδα

373 2372 471 2466 τήνδ’,
498 2374 533 2464 ἣν
557 2374 668 2464 πατὴρ
693 2370 782 2441 τοῦδ’
802 2370 889 2463 ἀμφὶ
912 2370 1025 2462 πλεύρ’
1046 2374 1210 2460 ἐβάλλετο,

374 2483 419 2571 μή
443 2509 491 2550 νιν
514 2485 675 2570 πορεῦσαι
697 2484 831 2570 Πηλέως
852 2477 906 2571 ἐφ’
928 2483 1037 2548 ἑστίαν
1060 2509 1088 2548 κ.
1111 2508 1140 2550 τ.
1165 2486 1192 2550 λ.

237 2592 285 2656 Ne
309 2593 368 2656 hoc
393 2592 518 2674 quidem
540 2593 608 2658 loco
632 2592 807 2658 Naualium
836 2593 920 2657 reete
944 2592 1132 2675 judicavisse
1163 2611 1281 2658 censeo.

239 2698 299 2778 Qui
324 2719 395 2764 cum
420 2698 592 2764 Seidlerum
617 2699 742 2766 secutus
765 2700 890 2782 putaret
913 2719 976 2785 σφε
999 2720 1098 2782 neque
1122 2701 1161 2765 ad
1178 2701 1282 2783 Neop-

237 2806 388 2870 tolemum
411 2825 510 2888 neque
534 2807 572 2871 ad
596 2807 816 2892 Astyanactem
848 2806 956 2872 referri
987 2827 1087 2890 posse,
1121 2827 1191 2889 pag.
1219 2810 1283 2872 162

238 2913 371 2998 conjecit
384 2905 453 2994 κᾶμ’
477 2907 629 3000 ᾐτήσατο,
646 2917 681 2979 ut
693 2915 879 3000 Talthybius
892 2914 1017 2994 diceret,
1035 2915 1282 2981 Andromacham

239 3040 272 3085 se
295 3021 464 3105 rogavisse.
513 3020 570 3086 Cui
595 3023 787 3106 conjecturae
808 3025 867 3088 elsi
883 3023 983 3106 prima
998 3024 1118 3108 rogatio
1134 3024 1283 3090 Hecubae

237 3127 353 3210 optime
377 3129 526 3206 convenit,
558 3133 664 3194 tamen
686 3131 842 3214 repugnat
864 3130 976 3196 altera.
1023 3131 1074 3196 An
1106 3151 1178 3196 vero
1208 3132 1283 3197 Tal-

236 3234 363 3320 thybius
400 3233 437 3300 de
465 3236 610 3300 Hectoris
644 3239 731 3301 scuto
768 3237 929 3302 decernere
963 3239 1090 3320 potest?
1135 3238 1220 3302 Num
1255 3239 1283 3303 ei

237 3343 382 3408 convenit
404 3342 534 3407 illudio
559 3344 645 3408 Pelei
677 3343 802 3409 domum
834 3345 912 3410 ferre
945 3345 995 3410 vel
1026 3344 1216 3428 permittere,
1248 3347 1284 3410 ut

237 3450 347 3534 Trojae
372 3451 588 3532 relinquatur?
621 3451 689 3516 Hoc
713 3451 851 3534 proiecto
875 3450 1110 3516 Andromachae
1127 3453 1186 3535 ipsi
1210 3473 1282 3518 eon·

235 3559 330 3634 venit,
354 3558 403 3622 vel
417 3558 522 3640 potius
537 3558 752 3641 Neoptolemo,
778 3560 827 3624 cui
843 3561 971 3640 propter
987 3559 1086 3640 patris
1101 3560 1283 3624 memoriam

235 3663 383 3732 Hectoris
413 3685 500 3730 orma
531 3665 648 3730 tributa
679 3684 746 3729 esse
777 3665 868 3730 facile
904 3665 1046 3730 conicias.
1094 3665 1204 3748 Neque
1235 3667 1283 3730 io-

236 3772 358 3850 finitivi,
383 3774 437 3854 qui
461 3771 599 3838 Seidlero
625 3774 656 3836 ct
684 3773 825 3840 Nauckio
849 3789 955 3838 ansam
988 3773 1172 3856 suspicionis
1194 3793 1282 3856 pree-

235 3879 320 3958 bont,
347 3881 510 3962 quominus
534 3899 596 3966 ope
622 3880 789 3966 genuinum
817 3879 984 3946 habeamus
1008 3880 1140 3944 obstant.
1188 3881 1283 3946 Recte

236 3987 318 4054 enim
352 3988 543 4054 Matthiaeus
574 3985 709 4066 adnotat,
749 3987 936 4054 infinitivum
968 4009 986 4052 u
1017 3986 1119 4054 verbis
1156 3987 1282 4079 rogandi
