3060 4574
650 309 871 379 ,4,1,

242 509 341 573 nactis
359 508 573 572 enimsomnos
589 506 752 570 Hecubam
774 505 958 580 desiderare,
977 504 1099 570 etiamsi
1113 505 1144 568 in
1156 525 1185 570 v.
1202 506 1285 570 1181
1339 518 1351 570 ·,

244 615 338 695 λέχος
367 614 560 692 retineretur,
587 613 719 677 absurde
751 612 877 690 dicitur,
909 612 1054 677 Hecubae
1084 612 1183 694 ipsius
1218 629 1288 676 vero

244 722 342 786 somni
355 721 522 805 significari
535 740 592 784 non
606 720 744 802 possunt,
772 720 887 801 quiain
899 720 938 784 113
952 738 1030 801 quae
1043 719 1230 802 praecedunt
1247 719 1284 784 de

244 829 292 893 his
317 848 418 893 sermo
438 829 562 892 omnino
586 827 732 893 nonfuit.
780 828 892 908 Itaque
908 828 984 892 11333
1008 828 1102 892 verba
1123 826 1291 910 depravata

248 955 315 1000 esse
332 935 413 1000 inber
427 936 612 1000 recentiores
629 934 784 998 Troadum
802 935 934 1000 editores
951 935 1102 1014 convenit
1129 917 1290 1009 ι1133311133

244 1045 344 1128 igitur
366 1064 382 1108 3
406 1044 583 1126 conjectura
606 1042 741 1107 Dobraei
765 1042 862 1106 edidit
885 1035 982 1106 πόνοι
1005 1035 1034 1104 τ’
1057 1039 1183 1122 ἐκεῖνοι,
1210 1059 1289 1133 quae

244 1152 338 1218 verba
361 1151 475 1216 referre
491 1151 637 1214 debemus
659 1145 697 1215 'ad
713 1148 946 1214 Andromachae
967 1150 1088 1214 labores
1102 1150 1134 1214 in
1154 1169 1182 1214 v.
1203 1149 1288 1214 1175

244 1261 510 1324 331111331313133.
559 1257 670 1322 Sedet
691 1280 749 1338 μοι
763 1257 835 1340 post
859 1251 986 1343 φροῦδα
1007 1258 1038 1322 31
1059 1276 1187 1337 333133,
1213 1276 1290 1344 quas

245 1367 276 1431 in
300 1387 328 1431 v.
357 1368 441 1432 1187
471 1365 601 1430 Hecuba
617 1364 783 1442 desiderat,
807 1365 1028 1443 demonstrant,
1054 1365 1148 1430 etiam
1163 1364 1290 1430 tertiam

243 1493 318 1552 rem,
342 1474 429 1557 cujus
448 1473 607 1556 jacturam
634 1473 783 1556 deplorat,
821 1491 890 1537 eam
911 1474 1012 1554 ipsam
1035 1473 1110 1537 olim
1135 1472 1289 1537 declecta-

243 1581 335 1645 visse.
382 1581 493 1644 Mauro
515 1580 536 1644 l.
565 1580 585 1643 i.
617 1580 747 1662 conjecit
769 1572 868 1643 1111331
895 1603 931 1642 τε
963 1583 1075 1644 κοινοί.
1123 1579 1185 1644 Sed
1221 1579 1290 1662 quis

246 1687 360 1766 credat,
387 1687 487 1753 aviam
519 1687 636 1767 regiam
665 1706 735 1752 cum
770 1691 882 1770 nepote
912 1707 967 1753 suo
992 1683 1054 1754 una
1086 1688 1290 1754 dormivisse?

242 1796 351 1876 Neque
387 1796 499 1861 melius
531 1796 578 1859 331
613 1794 696 1876 quod
732 1795 903 1878 Tyrrellius
938 1796 1064 1879 scripsit
1099 1787 1220 1860 denuoi
1253 1819 1289 1858 ue

243 1903 359 1982 κλῖναι,
392 1921 461 1966 eum
484 1921 582 1982 neque
604 1902 675 1966 ante
701 1901 817 1965 dietum
842 1921 941 1983 neque
972 1922 1027 1985 per
1051 1923 1086 1968 se
1119 1903 1289 1969 verisimile

244 2009 294 2088 311,
320 2009 456 2076 veterem
479 2010 618 2094 reginam
644 2008 680 2073 de
700 2009 812 2092 nepote
829 2008 996 2076 sollicitam
1013 2015 1161 2077 nocturno
1183 2030 1289 2076 somno

243 2117 447 2195 abstinuisse;
468 2120 505 2181 ut
529 2136 599 2182 vero
624 2116 817 2195 abstinuerit,
841 2136 950 2197 nonne,
976 2117 1004 2183 31
1020 2138 1088 2183 3313
1104 2119 1291 2204 generaliter

241 2225 347 2289 noctes
383 2243 489 2289 somno
524 2224 662 2306 expertes
698 2223 921 2290 desiderantem
958 2225 1110 2304 audimus,
1155 2226 1290 2291 ineam
1324 2291 1329 2301 ,

243 2332 418 2413 opinionem
434 2331 625 2409 adducimur,
651 2332 686 2394 ut
701 2332 856 2414 putemus,
874 2333 1034 2398 Hecubam
1056 2334 1178 2416 captam
1195 2337 1289 2414 atque

245 2440 349 2505 dolore
374 2439 515 2518 curisque
537 2439 686 2503 afflictam
710 2457 815 2504 somno
839 2459 898 2504 non
922 2460 1034 2520 carere,
1065 2442 1119 2506 sed
1150 2461 1288 2506 summo·

243 2566 314 2629 pere
343 2546 427 2610 frui?
478 2546 557 2610 Mihi
587 2545 711 2626 quidem
740 2548 906 2629 reputanti,
940 2548 1031 2615 modo
1063 2549 1224 2614 Hecubam
1253 2558 1293 2614 33·

243 2656 337 2720 verba
358 2654 418 2718 sibi
448 2654 480 2718 in
515 2653 651 2718 animum
684 2652 888 2733 revocavisse,
921 2656 1033 2736 quibus
1065 2655 1226 2740 Astyanax
1261 2657 1290 2722 ei

243 2762 381 2827 blandiri
405 2762 534 2840 solebat,
558 2762 634 2827 haec
656 2763 725 2846 ipsa
747 2765 840 2828 verba
860 2764 925 2848 jam
950 2783 1017 2830 eam
1041 2764 1192 2847 respicere
1217 2785 1288 2848 per-

243 2888 368 2936 suasum
386 2870 442 2949 331,
469 2870 505 2934 31
528 2870 724 2936 scribendum
749 2873 858 2954 putem
889 2868 1014 2953 κόμποι
1029 2864 1058 2933 r'
1085 2868 1202 2936 ἐκεῖνοι
1227 2875 1286 2938 313.

337 2978 433 3042 1223.
480 2978 611 3042 Hecuba
633 2978 755 3043 scutum
775 2979 922 3043 Hectoris
946 2979 1081 3044 allocuta
1104 2978 1197 3044 dicit:

379 3084 550 3170 στεφανοῦ·
588 3088 688 3148 docel
710 3081 770 3171 yolo
795 3078 833 3148 31
856 3085 1005 3148 θανοῦσα
1031 3081 1087 3150 σὺν
1110 3086 1220 3172 νεκρῷ.

243 3194 304 3257 Pro
328 3192 478 3256 θανοῦσα
501 3192 690 3256 Bartholdus
725 3193 754 3256 in
783 3193 862 3257 libro
890 3193 1019 3258 miscell.
1051 3195 1206 3259 Bonnensi
1238 3194 1285 3259 ed.

242 3319 270 3366 3.
297 3303 383 3366 1864
408 3319 443 3365 er
466 3300 592 3365 scholiis
615 3309 758 3385 ταφεῑσα
780 3301 1031 3366 substituendum
1066 3321 1133 3368 esse
1157 3302 1286 3367 censuit.

244 3407 344 3488 Quam
365 3407 583 3492 conjecturam
610 3407 670 3472 etsi
694 3408 793 3490 primo
814 3412 941 3492 aspectu
966 3409 1076 3492 placet,
1101 3429 1206 3476 veram
1228 3427 1287 3474 non

242 3516 350 3581 habeo.
398 3516 527 3582 Hecuba
552 3515 633 3580 enim
658 3516 780 3580 scutum
808 3516 919 3582 iisdem
950 3517 1117 3582 honoribus
1143 3517 1288 3582 ornatura
1327 3529 1329 3532 ·

243 3625 299 3702 331,
322 3623 435 3705 quibus
458 3624 615 3689 mortuum
629 3622 772 3706 nepotem
796 3623 923 3702 ornavit,
951 3623 990 3687 cf.
1015 3643 1043 3688 v.
1064 3625 1167 3700 11443
1193 3643 1286 3706 quare

243 3750 312 3796 eam
336 3751 446 3813 negare
472 3735 596 3797 scutum
620 3731 803 3796 moriturum
840 3751 908 3798 esse
946 3732 1010 3797 veri
1044 3732 1194 3798 dissimile
1228 3731 1284 3796 est.

242 3837 381 3918 Accedit,
406 3839 488 3919 quod
511 3839 684 3923 Euripides,
719 3838 755 3903 ut
778 3841 899 3906 omnino
925 3840 1065 3924 oxymori
1100 3857 1206 3904 amaus
1240 3839 1287 3904 est

244 3945 295 4030 (ci.
319 3947 386 4030 Iph.
409 3945 481 4012 Aul.
505 3967 534 4014 v.
559 3949 635 4027 465,
663 3949 759 4014 1139.
807 3948 874 4032 Iph.
900 3948 935 4012 T.
967 3965 995 4012 v.
1021 3948 1096 4028 512,
1131 3945 1182 4012 01.
1210 3948 1285 4026 613,
