3060 4574
685 340 906 422 ..pq-

279 541 328 610 Ita
350 546 381 610 in
402 547 431 611 V
454 546 578 631 legitur.
625 546 660 610 In
689 547 716 610 P
744 545 831 610 deest
861 565 969 612 uersus
994 549 1059 612 634
1088 546 1119 611 et
1149 547 1230 612 inv.
1258 549 1321 612 635

277 653 395 737 legitur
420 650 561 736 ἐμβαλῶ.
598 654 732 720 Versum
749 655 814 718 634
837 653 954 735 primns
966 653 1099 735 protulit
1113 654 1321 738 Musgravius,

278 759 333 826 sed
349 779 420 825 cum
435 762 519 826 recte
535 759 740 845 intellegeret,
758 760 860 825 verbis
878 750 904 823 ὦ
920 760 1059 824 τεκοῦσα
1073 760 1323 826 Andromacham

279 867 441 932 Hecubam
463 867 581 949 alloqui
603 887 666 932 nou
684 886 785 949 posse,
811 886 826 932 e
850 868 1029 951 conjecture
1054 867 1140 932 dedit
1169 858 1195 931 ὦ
1221 866 1323 954 μῆτερ

278 967 316 1038 οὗ
339 975 478 1039 τεκοῦσα
499 999 527 1038 κ.
551 998 580 1038 τ.
604 974 644 1055 λ.,
665 974 735 1040 coll.
750 974 839 1039 Jonis
861 994 889 1039 v.
918 977 1014 1053 1324,
1041 974 1093 1039 ubi
1108 975 1169 1040 Jorr
1190 975 1324 1060 Pythiae

278 1081 355 1147 dicit
380 1075 464 1169 χαῖρ’
489 1071 610 1168 ὦφίλη
630 1103 689 1163 μοι
703 1081 814 1167 μῆτερ,
840 1073 878 1144 οὗ
893 1076 1034 1146 τεκοῦσά
1056 1103 1130 1168 περ.
1177 1081 1221 1146 At
1243 1082 1323 1147 ratio

269 1190 367 1280 'hujus
397 1188 459 1254 loci
491 1209 508 1254 a
539 1191 643 1255 nostro
685 1189 806 1255 diversa
840 1193 898 1255 est.
951 1189 1032 1255 Num
1061 1185 1178 1276 Pythia
1210 1190 1323 1255 Jonem

277 1296 422 1363 educavit
458 1316 594 1382 ergaque
642 1317 711 1362 eum
747 1316 873 1380 prorsus
919 1298 1050 1362 matrem
1085 1316 1118 1362 se
1155 1297 1321 1380 praestitit,

277 1408 493 1487 praeterquam
517 1405 600 1486 quod
620 1423 679 1469 nou
695 1406 824 1489 peperit.
871 1405 960 1485 Quod
982 1405 1094 1471 donem
1117 1405 1155 1470 ab
1179 1405 1235 1470 illa
1257 1405 1322 1470 dis-

276 1511 436 1577 cedentem
460 1512 567 1577 efferre
598 1513 692 1596 plane
715 1513 955 1578 consentaneum
990 1514 1045 1577 est.
1094 1512 1128 1578 Si
1160 1531 1232 1578 vero
1254 1512 1321 1577 An·

277 1618 443 1685 dromacha
465 1639 588 1686 socrum
612 1639 701 1685 suam
737 1621 782 1685 ita
816 1621 990 1704 compellat,
1026 1621 1084 1685 hoc
1120 1620 1243 1699 mirum,
1283 1639 1321 1685 ne

277 1726 377 1792 dicam
401 1727 569 1792 absurdum
593 1727 649 1793 eet.
697 1726 760 1792 Sed
780 1728 875 1792 etiam
900 1727 993 1793 aliam
1009 1745 1075 1792 rem
1096 1727 1127 1791 in
1149 1727 1207 1792 hoo
1230 1745 1321 1793 versu

275 1834 477 1916 gravissimae
502 1835 661 1900 offensioni
685 1853 761 1913 esse,
786 1835 869 1900 reete
888 1835 1008 1898 monuit
1031 1833 1068 1900 G.
1091 1834 1268 1899 Dindorfius
1289 1835 1319 1898 in

274 1941 393 2007 adnoto.
418 1941 503 2007 Oxon
527 1963 557 2025 p.
583 1944 658 2008 663.
707 1942 830 2007 Etenim
860 1935 1031 2005 κάλλιστον
1057 1936 1152 2026 λόγον
1182 1933 1321 2005 ἄκουσον

273 2049 318 2114 ita
351 2048 538 2115 confidenter
568 2049 685 2114 dictum
721 2050 777 2127 est,
811 2049 847 2112 ut
882 2068 1009 2132 prorsus
1044 2048 1130 2113 aliud
1162 2049 1237 2132 quid
1265 2069 1321 2114 ex-

273 2157 449 2240 spectemus
469 2157 558 2238 sequi
582 2176 617 2222 ac
639 2156 722 2239 quod
745 2156 894 2239 sequitur.
936 2157 1020 2237 Quae
1045 2157 1140 2221 verba
1162 2174 1234 2220 oum
1255 2157 1320 2241 sig-

272 2263 400 2329 nificent
420 2264 537 2329 laetum
561 2264 695 2347 aliquem
721 2264 813 2345 atque
833 2265 1025 2347 insperatum
1051 2264 1201 2342 nuntium,
1226 2264 1319 2328 iniis

277 2389 354 2451 quae
379 2371 552 2452 sequuntur
575 2370 792 2437 Andromacha
822 2372 982 2436 Hecubam
1006 2372 1129 2435 tantum
1159 2389 1194 2435 ea
1226 2389 1318 2452 quam

273 2477 310 2542 de
334 2478 432 2543 morte
453 2478 549 2543 hebet
571 2478 724 2543 sententia
748 2479 933 2557 consoletur,
971 2478 1018 2541 ita
1048 2478 1085 2542 ut
1121 2496 1191 2559 spes
1225 2496 1318 2557 quem

272 2585 401 2649 Hecuba
436 2603 475 2650 ex
512 2584 669 2666 prooemio
704 2603 811 2666 capere
849 2585 951 2662 debet,
986 2583 1112 2649 minime
1145 2585 1316 2667 expleatur.

273 2690 363 2771 Quod
386 2691 432 2756 ita
455 2711 522 2757 esse
541 2692 608 2774 jam
627 2692 699 2756 ante
728 2690 922 2756 Dindorfium
955 2692 1151 2756 Hermannus
1184 2691 1317 2758 sensisse

268 2799 400 2877 videtur,
426 2819 496 2865 cum
521 2797 677 2864 Seidlerus
711 2799 918 2882 conjecturam
955 2799 1020 2883 ejus
1045 2799 1152 2864 afferat
1184 2789 1210 2862 ὦ
1230 2823 1265 2881 μ.
1290 2789 1317 2862 ὦ

268 2907 445 2971 τεκνοῦσσα
465 2906 645 2971 καλλίστων
669 2901 780 2991 γόνων,
807 2907 889 2988 quod
912 2906 1123 2972 Kirohhoffius
1139 2907 1255 2972 rectius
1272 2907 1316 2971 sic

268 3014 430 3079 constituit
452 3004 478 3078 ὦ
500 3039 535 3096 μ,
557 3004 583 3078 ὦ
604 3012 743 3078 τεκοῦσα
767 3007 939 3077 κάλλιστον
964 3007 1067 3097 γόνον,
1098 3013 1142 3077 ita
1163 3017 1200 3077 ut
1230 3014 1315 3078 solus

266 3121 386 3186 Hector
410 3121 635 3206 designaretur.
684 3120 746 3186 Sed
769 3141 807 3186 ne
837 3120 916 3186 hanc
945 3121 1069 3203 quidem
1094 3121 1312 3204 conjecturam,
1382 3182 1387 3194 ,

266 3229 410 3311 quamvis
434 3229 476 3293 sit
505 3228 606 3294 facilis
633 3229 763 3311 probare
798 3247 934 3311 possum.
981 3228 1063 3293 Nem
1105 3247 1175 3292 cum
1207 3228 1313 3311 paullo

267 3337 340 3402 ente
374 3337 406 3401 in
439 3356 467 3402 u.
504 3337 569 3402 610
603 3335 822 3401 Andromacha
857 3335 1017 3400 Hecubam
1053 3335 1188 3400 allocuta
1215 3335 1257 3399 sit
1287 3335 1314 3398 ὦ

265 3441 368 3529 μῆτερ
385 3436 511 3531 ἀνδρός,
537 3438 573 3519 ὅς
589 3436 667 3506 ποτ’
691 3467 720 3506 κ.
735 3467 763 3506 τ.
777 3442 817 3523 λ.,
841 3461 909 3508 eam
924 3441 982 3508 hoc
996 3444 1064 3508 loco
1076 3443 1188 3508 iterum
1207 3441 1314 3507 eadem

264 3549 470 3632 appellatione
492 3552 540 3615 uti
569 3569 628 3616 non
653 3553 703 3616 est
725 3550 904 3615 verisimile.
953 3550 1038 3630 Quae
1070 3569 1141 3614 cum
1171 3550 1217 3613 ita
1239 3548 1310 3628 sint,

264 3657 475 3723 Matthiaeum
499 3658 583 3724 recte
601 3657 789 3742 judicavisse
814 3658 914 3736 credo,
939 3657 991 3738 qui
1003 3677 1031 3722 v.
1047 3659 1112 3722 634
1132 3660 1311 3740 suspectum

265 3765 325 3830 sibi
341 3764 439 3830 videri
462 3765 635 3831 confitetur.
669 3764 862 3829 Dindorfium
879 3765 983 3829 autem
1000 3763 1055 3846 qui
1070 3764 1164 3828 etiam
1185 3781 1309 3828 versum

264 3872 317 3956 qui
331 3873 473 3955 sequitur
484 3873 605 3938 uncinis
618 3871 759 3950 includit,
773 3872 899 3936 minime
912 3870 1017 3936 laudo.
1044 3869 1133 3950 Quod
1152 3873 1190 3935 ut
1201 3870 1310 3935 feeerit

263 3980 372 4047 eadem
397 3999 489 4046 causa
516 3982 690 4046 commotus
721 3978 844 4045 uidetur
875 3997 952 4058 esse,
989 3995 1084 4060 quam
1112 3977 1309 4063 Musgravius
