3060 4574
660 325 880 389 „37-

252 516 345 582 etiam
369 515 510 582 Vaticani
535 515 720 581 lectionibus
742 515 877 597 receptis
900 515 1028 594 restant,
1059 535 1137 598 qnae
1161 516 1296 583 difficul-

251 625 333 688 tates
363 623 481 706 parent.
528 623 668 688 Primum
701 623 781 687 enim
816 623 983 705 quaeritur,
1014 641 1075 704 qua
1107 623 1232 690 tandem
1262 645 1295 689 re
1323 615 1326 622 ’

251 731 336 814 ripae
361 729 530 796 sonuerint.
579 729 772 795 clamoribus
797 729 972 807 mulierum,
1004 729 1096 796 dices.
1145 729 1206 796 Sed
1227 736 1295 797 tum

250 857 304 920 pro
330 837 510 920 imperfecto
533 855 678 919 praesens
702 837 826 918 tempus
849 836 921 919 poni
942 836 1090 914 debebat3
1124 857 1196 902 nam
1220 840 1294 904 tuno

251 945 353 1028 ipsum
388 945 527 1010 mortuos
568 944 737 1026 deplorant.
798 943 887 1023 Quod
917 943 1104 1026 intellegens
1138 943 1295 1010 Seidlerus

251 1045 378 1132 icqoic’
413 1052 550 1135 scripsit,
586 1050 731 1133 idemque
763 1089 804 1098 -
839 1050 933 1133 idque
965 1071 1036 1116 eum
1066 1052 1148 1118 recte
1183 1053 1293 1118 fecisse

250 1160 368 1242 oredo¹)
405 1196 447 1206 -
480 1158 552 1241 post
583 1154 652 1222 οἷον
682 1151 711 1220 d'
742 1158 874 1222 inseruit
900 1158 933 1224 et
968 1152 1051 1243 ὑπὲρ
1078 1161 1148 1224 ante
1181 1157 1295 1236 οἰωνὸς

249 1266 364 1350 posuit.
418 1265 530 1330 Altera
561 1267 665 1330 autem
696 1265 870 1348 conjectura
903 1266 1040 1330 numeris
1075 1285 1182 1332 versus
1216 1267 1296 1332 anti-

250 1372 400 1455 strophici
425 1375 488 1437 847
514 1372 678 1455 spernitur,
702 1373 733 1437 in
756 1391 817 1453 quo
842 1371 999 1438 Seidlerus
1023 1372 1170 1438 audacius
1201 1375 1295 1439 verba

250 1481 310 1556 τᾶς
334 1479 368 1542 δὲ
391 1480 593 1563 transposuit.
642 1479 781 1557 Accedit,
815 1479 897 1559 quod
928 1480 973 1545 sic
1001 1481 1098 1546 etium
1119 1469 1293 1546 'difficultas

248 1588 347 1654 restat
376 1587 408 1650 in
439 1606 474 1652 co
509 1587 620 1670 posita,
656 1587 738 1670 quod
770 1588 863 1652 verba
897 1587 933 1649 αἳ
953 1586 1013 1668 μὲν
1033 1611 1062 1649 κ.
1085 1610 1114 1650 τ.
1139 1587 1167 1650 λ.
1202 1589 1294 1654 nimis

249 1693 393 1778 pendent,
416 1713 487 1760 cum
511 1693 719 1778 complectens
743 1693 917 1778 subjectum
939 1692 1028 1772 desit,
1060 1694 1099 1759 sd
1122 1694 1205 1776 quod
1228 1694 1293 1760 dis·

249 1801 399 1867 tributiue
424 1820 491 1866 sese
513 1802 677 1884 applicent,
705 1820 783 1884 quae
805 1820 855 1866 res
879 1801 984 1867 durior
1007 1801 1063 1880 cst,
1098 1801 1180 1883 quod
1202 1821 1292 1884 prae·

250 1909 387 1975 dicatum
418 1907 528 1974 horum
563 1909 778 1991 pronominum
814 1929 849 1974 ex
884 1908 957 1993 βοᾷ,
1006 1908 1088 1990 quod
1126 1909 1292 1990 praecedit,

249 2015 453 2099 supplendum
485 2018 544 2080 est.
591 2015 711 2095 Quibus
747 2015 784 2080 de
814 2015 927 2093 causis,
963 2034 1137 2098 quanquam
1171 2035 1227 2098 per
1261 2036 1293 2082 sc

248 2124 351 2208 imago
376 2123 512 2206 riparum
544 2122 722 2186 sonantium
759 2141 820 2187 non
855 2120 1008 2204 displicet,
1046 2122 1096 2206 (11.
1128 2123 1212 2200 XXI,
1240 2123 1293 2208 10)

249 2230 432 2296 crediderim
453 2249 508 2312 pro
533 2227 627 2308 ἴαχον
658 2227 853 2293 scribendum
884 2248 951 2294 esse
979 2226 1123 2310 ἰάχομεν,
1153 2229 1190 2293 ut
1218 2231 1292 2294 sub-

245 2337 330 2420 J‘ecto
361 2337 454 2420 hujus
486 2335 573 2401 uerbi
606 2336 788 2418 pronomina
820 2333 858 2398 αἵ
878 2335 938 2418 μὲν
964 2384 971 2399 .
997 2384 1003 2398 .
1030 2385 1037 2398 .
1064 2385 1071 2398 .
1098 2332 1136 2398 αἵ
1156 2333 1191 2399 δὲ
1227 2355 1294 2402 sese

249 2445 445 2529 subjungant.
493 2444 529 2507 In
552 2462 642 2508 uersu
666 2444 822 2527 superiore
845 2443 919 2524 quid
945 2443 1038 2527 pocta
1059 2444 1218 2526 scripserit
1241 2445 1296 2510 vix

250 2555 333 2616 certo
360 2553 426 2617 erui
449 2551 580 2634 poterit;
610 2551 740 2636 conjicio
769 2552 871 2617 tamen
897 2544 1000 2637 r'pdow
1030 2543 1059 2614 δ’
1088 2545 1196 2626 ἁλίαις
1227 2551 1294 2634 (Kr.

249 2659 636 2744 mffiffiffizm

341 2767 416 2831 901.

388 2865 445 2938 osia
469 2871 516 2949 εἰς
540 2867 670 2959 ἀκριβὲς
694 2863 806 2959 ἦλθες,
826 2866 908 2936 ἀλλὰ
932 2873 1000 2948 πᾶς
1024 2866 1162 2956 στρατὸς

385 2993 512 3046 κτανεῖν
537 2979 611 3062 ἐμοί
635 2974 664 3045 c'
689 2979 818 3061 ἔδωκεν,
843 2974 943 3065 ὅνπερ
967 2972 1098 3066 ἠδίκεις.

250 3091 284 3154 In
306 3090 407 3173 priore
442 3109 533 3155 versu
564 3089 709 3155 Fechtius
733 3089 764 3152 in
794 3107 895 3170 progr.
924 3086 1071 3152 scholast.
1103 3088 1245 3169 Friburg.
1268 3108 1295 3152 a.
1365 3142 1367 3146 .

221 3199 338 3285 Ι1884
361 3218 393 3280 p.
420 3200 458 3262 21
497 3189 628 3281 ἀκριβὲς
663 3196 746 3261 recte
774 3195 880 3260 contra
911 3195 1088 3261 Nauokium
1124 3192 1296 3260 defendisse

250 3305 388 3382 videtum
425 3303 567 3385 equidem
601 3304 632 3368 in
666 3302 773 3368 ecdem
804 3321 896 3367 versu
934 3292 1035 3388 ἦλθες
1065 3301 1154 3366 tuear
1190 3302 1297 3366 contra

249 3413 446 3498 Turranium,
476 3411 529 3492 qui
551 3430 590 3475 ex
613 3410 739 3476 scholiis
761 3399 862 3495 ἦλθεν
887 3410 1021 3492 scripsit
1056 3411 1092 3474 ut
1121 3409 1297 3492 subjeetum

249 3521 340 3606 hujus
362 3521 447 3584 verbi
472 3515 611 3604 στρατὸς
634 3517 725 3582 esset.
773 3517 882 3598 Neque
900 3517 981 3582 enim
1005 3517 1122 3596 dubito,
1147 3515 1221 3599 quin
1246 3535 1297 3582 ex·

251 3627 451 3711 plicationem
475 3625 659 3692 scholiastae
681 3624 894 3706 protectione,
920 3643 1012 3704 quam
1035 3624 1088 3688 ille
1107 3624 1177 3688 ante
1194 3623 1298 3689 oculos

255 3755 281 3762 ..
297 3755 317 3762 ‚
329 3756 363 3852 ἰΙ)
382 3785 489 3838 Arridot
508 3787 597 3838 tamon
616 3781 696 3834 etium
715 3779 818 3836 Foohtii
842 3779 993 3848 conjecturs
1011 3777 1105 3836 οἰωνὸς
1124 3779 1160 3836 ὠς
1179 3772 1217 3830 ὧν
1232 3777 1298 3846 ὑπὲρ

253 3869 352 3922 rasiano
370 3875 428 3938 pop,
447 3885 527 3938 quarn
543 3867 644 3937 publici
659 3867 729 3936 juris
748 3869 810 3922 iocit
821 3868 849 3918 iu
868 3881 952 3936 progr.
972 3865 1085 3936 Friburg
1102 3864 1217 3918 schola
1232 3863 1299 3918 1884

251 3973 309 4029 pag.
329 3957 370 4012 21.
