3060 4574
651 333 871 395 „27-

235 540 264 585 v.
291 520 377 586 1244
398 519 439 584 ab
463 519 684 602 interpolatore
696 519 826 584 lacunae
843 518 1011 601 explendae
1031 536 1123 583 causa
1140 516 1280 582 additum

236 647 312 692 esse.
368 627 456 691 Hune
486 626 549 691 sere
580 626 764 692 sententiam
792 626 883 708 poeta
914 625 1101 708 expresserit
1129 625 1160 688 in
1190 643 1280 689 versu

236 733 407 815 intercepto
452 729 493 796 τὰ
526 733 580 796 νῦν
614 756 649 816 γε
689 731 921 813 δυστυχοῦντες
962 724 1098 812 ἐσόμεθ’
1140 728 1282 816 ἔκκριτοι

234 838 384 916 Μούσαις
407 864 435 903 κ.
458 863 486 904 τ.
511 839 539 902 λ.

325 948 411 1013 Duos
432 947 517 1012 locos
541 947 662 1026 addam,
692 947 746 1011 ubi
769 947 795 1012 P
826 946 960 1031 vestigia
989 965 1079 1011 verae
1110 946 1279 1029 scripturae

235 1055 365 1120 fortasse
390 1055 535 1120 servavit:

325 1163 364 1227 ln
391 1182 420 1228 v.
452 1164 517 1227 463
554 1162 665 1227 chorus
699 1161 844 1226 Hecubae
880 1161 1059 1226 custodibus
1093 1161 1280 1226 succlamat:

239 1261 277 1334 οὗ
304 1266 478 1355 δεδόρκατε
515 1267 690 1332 δέσποιναν
723 1262 766 1344 ὡς
800 1260 939 1343 ἄναυδος
961 1265 1008 1343 εἰς
1040 1262 1119 1354 ᾅδην
1153 1270 1279 1346 πίτνει;

238 1370 317 1463 ᾅδην
340 1378 377 1442 Ρ.
403 1374 504 1439 πέδον
528 1377 565 1442 V.
613 1375 758 1441 Vaticani
781 1355 947 1440 lectionem
963 1394 1068 1441 omnes
1092 1375 1226 1441 editores
1249 1375 1280 1438 in

236 1484 327 1549 textu
350 1485 528 1566 posuerunt,
563 1502 633 1548 cum
663 1483 824 1565 aptissima
848 1483 898 1561 sit,
937 1483 1035 1547 altera
1070 1502 1109 1547 ne
1139 1481 1282 1565 intellegi

235 1590 361 1671 quidem
376 1591 486 1673 possit.
535 1589 596 1656 Sed
615 1609 676 1654 non
699 1590 790 1655 facile
811 1589 1007 1674 intelligitur,
1032 1588 1185 1670 quomodo
1202 1582 1281 1674 ᾅδην

237 1717 275 1762 ex
292 1695 396 1762 πέδον
407 1697 492 1762 nasci
514 1699 666 1780 potuerit3
689 1715 787 1781 neque
805 1698 885 1762 enim
903 1716 1004 1762 errore
1020 1697 1110 1762 facile
1126 1696 1281 1778 corrumpi

235 1805 347 1888 potuit,
380 1824 479 1888 neque
503 1804 651 1871 credibile
683 1807 740 1884 est,
773 1805 973 1887 interpretem
998 1805 1138 1870 consulto
1169 1803 1202 1868 id
1225 1803 1281 1868 ad-

237 1913 409 1995 scripsisse,
435 1913 580 1994 quoniem
596 1913 701 1996 aperte
718 1912 756 1977 ab
774 1912 813 1978 iis
830 1931 908 1994 quae
925 1913 1095 1992 sequuntur
1108 1911 1280 1976 abhorreat.

239 2021 349 2102 ltaque
374 2019 548 2103 conjectura
562 2020 597 2084 in
611 2021 767 2103 promptu,
792 2014 903 2106 ᾅδηνιι
919 2019 1122 2103 grammatico
1139 2019 1282 2084 Vaticani

237 2129 409 2192 correctum
435 2145 502 2192 esse
524 2127 556 2190 in
580 2124 692 2207 πέδον,
717 2127 790 2190 olim
809 2145 880 2191 vero
898 2127 1046 2209 scriptum
1063 2125 1158 2189 fuisse
1176 2135 1280 2208 γαῖαν,

237 2233 326 2298 cuius
357 2233 494 2315 reliquae
526 2233 606 2298 inP
637 2233 850 2299 remanserint.
881 2232 919 2296 cs.
945 2232 1027 2298 And.
1062 2232 1147 2296 1152
1179 2225 1281 2306 ὡςδὲ

233 2336 317 2426 πρὸς
336 2351 432 2424 γαῖαν
451 2344 569 2420 πίτνει,
587 2341 701 2405 Bacch.
723 2342 798 2418 744,
819 2339 934 2405 Phoen.
955 2340 1040 2405 1417
1055 2337 1165 2404 Troad.
1182 2340 1279 2404 1319.

326 2449 401 2512 893.
437 2450 608 2534 πίμπρησι
643 2440 671 2510 δ’
708 2445 828 2522 οἴκους.
876 2445 928 2512 Sic
962 2447 999 2512 V.
1036 2449 1204 2532 πίμπρησι
1238 2439 1281 2508 δι’

237 2552 346 2629 οἴκους
369 2555 405 2619 Ρ.
454 2552 530 2620 Cum
553 2554 708 2638 particula
728 2552 763 2618 δὲ
794 2555 825 2618 in
858 2554 1085 2619 enumeratione
1117 2572 1177 2618 non
1204 2572 1280 2635 opus

232 2662 284 2740 eit,
330 2667 377 2723 ΔΙ
397 2660 528 2726 fortasse
563 2663 744 2743 corruptum
780 2680 816 2726 ex
847 2668 889 2740 N,
944 2662 981 2725 ut
1010 2660 1208 2726 scribendum
1239 2660 1281 2724 sit

233 2771 427 2854 πίμπρησιν,
448 2786 528 2848 quae
551 2769 600 2832 eet
623 2768 797 2852 conjecturo
820 2767 956 2832 Dobraei
980 2766 1061 2851 (adr.
1085 2767 1130 2830 lV
1153 2787 1183 2849 p.
1211 2767 1277 2850 89).

321 2875 405 2954 Ioci,
446 2894 524 2957 quos
557 2874 651 2939 modo
678 2874 892 2953 tractavimus,
925 2894 986 2940 una
1019 2893 1091 2938 cunr
1126 2874 1165 2940 iis
1202 2893 1279 2956 quos

231 2981 392 3048 Nacoline
416 2982 436 3046 l.
460 2983 481 3046 i.
514 3003 545 3066 p.
576 2984 638 3047 127
672 2981 873 3060 enumeravit,
906 2982 983 3046 satis
1014 2981 1278 3059 demonstrabunt,

233 3089 338 3156 futuro
352 3089 507 3156 Troadum
521 3089 632 3156 editori
647 3089 826 3154 Palatinum
850 3088 889 3154 ad
905 3088 1044 3155 fabulam
1062 3089 1279 3154 recensendam

232 3195 339 3262 eodem
363 3197 432 3263 loco
458 3215 525 3263 osse
546 3197 722 3262 habendum
747 3195 840 3277 etque
861 3197 1055 3262 Vaticanum.

582 3403 710 3488 Caput
733 3405 915 3470 tertium.

325 3529 466 3596 Tardum
492 3530 585 3612 caput
599 3530 822 3612 complectetur
837 3529 987 3611 quosdam
1004 3529 1159 3594 Troadum
1183 3531 1277 3609 locos,

232 3657 309 3720 qnos
342 3636 457 3722 partim
485 3655 517 3701 re
541 3655 615 3702 vera
646 3641 816 3720 corruptos,
852 3637 964 3720 partim
995 3637 1096 3702 minus
1125 3639 1208 3703 recto
1239 3639 1278 3703 ab

231 3745 408 3810 hominibus
448 3743 547 3810 doctis
581 3748 740 3827 corruptos
775 3745 898 3810 habitos
930 3763 997 3810 csso
1035 3763 1153 3810 censeo.
1203 3745 1277 3811 lllos

231 3851 298 3936 ipse
319 3853 503 3936 conjecturis
528 3871 644 3930 sanare,
670 3853 726 3918 hos
750 3853 788 3918 ab
805 3852 938 3918 aliorum
962 3853 1097 3918 inventis
1113 3851 1277 3918 defendere

230 3963 377 4044 recteque
400 3961 551 4044 explicare
576 3959 716 4027 studebo.
763 3959 831 4042 Qua
846 3960 876 4024 in
893 3979 926 4026 re
948 3959 1184 4044 haudquaquam
1201 3961 1278 4026 milri
