3060 4574
638 315 859 388 -15-

235 512 357 579 relativi
367 513 541 580 mutatione
557 514 724 580 lectionem
739 514 842 599 magis
859 515 967 580 tritam
984 514 1076 595 atque
1094 515 1279 582 familiarem

236 621 408 686 restituere.

327 731 403 793 247.
442 730 572 794 Hecuba
596 748 631 793 ex
655 729 822 814 Talthybio
847 727 984 809 quaerit:

370 828 490 917 τούμὸν
514 839 564 912 τίς
587 827 637 921 άρ’
663 833 758 916 ἔλαχε
782 838 885 914 τέκος,
910 832 1033 914 ἔννεπε,

370 940 515 1025 τλάμονα
536 940 745 1029 Κασάνδραν,
793 943 841 1007 lta
864 942 981 1027 legitur
1000 943 1033 1007 in
1053 943 1088 1021 P,
1117 943 1149 1008 in
1178 946 1207 1010 V
1229 938 1279 1031 ἄρ’

238 1050 385 1115 omissum
423 1052 481 1116 est.
528 1049 709 1116 Dindorfius
746 1049 876 1114 retinuit
921 1048 1105 1133 scripturam
1149 1050 1281 1117 Aldinae

238 1149 356 1238 τούμὸν
378 1156 413 1220 δὲ
436 1160 486 1234 τίς
510 1149 561 1244 ἄρ’
587 1155 681 1238 ἔλαχε
706 1162 775 1235 eto.¹
807 1175 997 1238 quamquam
1025 1157 1091 1240 jam
1124 1157 1281 1224 Seidlerus

237 1267 321 1328 recte
358 1264 486 1342 dixerat,
517 1265 703 1346 particulam
735 1263 811 1328 bea
843 1263 997 1328 sententia
1032 1264 1165 1330 alienam
1204 1285 1280 1331 esse.

238 1371 318 1434 Nam
338 1375 504 1455 postquam
533 1370 719 1456 Talthybius
747 1371 908 1436 Hecubam
937 1371 1039 1436 omnia
1070 1372 1164 1436 simul
1186 1373 1283 1438 iuter-

238 1496 345 1562 rogare
377 1479 486 1557 vetuit,
521 1479 601 1543 baec
635 1483 800 1561 praecepto
830 1478 916 1543 illius
951 1479 1099 1544 obsecuta
1130 1480 1284 1562 particula

240 1583 434 1650 adversativa
454 1587 500 1650 uti
523 1604 583 1650 non
603 1587 716 1668 potest.
765 1587 929 1650 Praeterea
951 1587 1111 1652 Nauckius
1141 1587 1174 1671 (l.
1201 1607 1226 1652 c.
1251 1608 1281 1671 p.

245 1693 321 1776 137)
356 1693 486 1765 monuit.
528 1691 564 1756 de
603 1695 702 1758 metro
740 1711 920 1776 repugnare,
963 1712 1033 1758 cum
1062 1732 1103 1740 -
1135 1694 1167 1758 id
1203 1695 1285 1776 quod

238 1797 379 1884 Engerus
401 1801 484 1865 recte
508 1800 704 1865 observasset
720 1839 761 1847 -
779 1799 891 1884 tragici
913 1801 1120 1866 evitariseent
1142 1802 1284 1880 ,alteram
1308 1818 1315 1843 ²

241 1905 394 1991 syllabam
424 1907 549 1992 longam
584 1927 691 1974 versus
728 1907 898 1972 dochmiaci
931 1908 1058 1985 solvere,
1095 1909 1155 1973 nisi
1190 1910 1285 1974 simul

240 2013 339 2096 prima
361 2015 464 2080 soluta
488 2014 580 2080 esset.
635 2014 792 2080 Seidlerus
824 2015 921 2098 igilur
951 2015 1115 2080 lectionem
1149 2017 1285 2082 Palatini

242 2122 367 2203 recepit,
411 2122 459 2186 ila
499 2121 534 2186 ut
578 2140 684 2186 versus
720 2141 756 2187 ex
799 2121 941 2186 dochmio
985 2123 1148 2200 constaret,
1192 2141 1285 2203 quom

241 2229 436 2293 antecederet
474 2228 615 2312 dactylus
654 2248 723 2293 cum
759 2229 909 2292 anacrusi.
967 2227 1028 2292 Sed
1066 2247 1137 2292 cum
1172 2229 1285 2309 reliqui

242 2353 350 2399 versus
399 2335 569 2400 dochmiaoi
615 2335 647 2398 in
696 2335 754 2398 hoc
798 2353 918 2399 commo
962 2335 1031 2416 puri
1071 2334 1143 2411 sint,
1190 2335 1286 2400 etiam

242 2441 323 2506 hunc
355 2460 391 2506 ex
421 2442 564 2506 trimetro
594 2479 638 2488 —
665 2460 736 2506 nam
771 2441 865 2506 verba
903 2437 1048 2522 τλάμονα
1094 2439 1287 2528 Κασάνδραν

243 2547 399 2613 Seidlarus
440 2549 543 2614 minus
588 2553 672 2614 recte
702 2551 740 2613 ab
781 2549 839 2613 hoc
871 2568 962 2614 versu
1003 2550 1205 2634 segregans)
1244 2587 1285 2598 --

245 2653 427 2720 dochmiaoo
466 2656 608 2720 constare
643 2656 811 2720 verisimile
851 2657 907 2720 est.
949 2655 1054 2721 Minus
1093 2656 1186 2720 etiam
1217 2656 1287 2738 pla·

242 2762 292 2826 cet
346 2761 531 2826 Kircbhosfii
583 2763 762 2845 conjectura
815 2755 936 2843 τούμὸν
987 2766 1037 2837 τίς
1093 2752 1143 2847 ἆρ’
1192 2759 1287 2842 ἔλαχε

243 2871 347 2949 τέκος,
372 2866 486 2932 ἔννεπε
510 2892 539 2930 κ.
560 2891 589 2930 τ.
615 2868 656 2948 1.,
684 2869 714 2932 in
739 2888 800 2950 qua
821 2853 977 2950 particula
1005 2858 1077 2954 ἆρα,
1109 2886 1186 2950 qnae
1217 2888 1287 2934 oum

246 2975 278 3039 vi
293 2975 427 3056 quadam
445 2975 673 3040 conclusionem
685 2975 863 3052 introducit,
879 2978 952 3057 apta
969 2994 1030 3040 non
1047 2973 1103 3039 est.
1141 2975 1286 3054 Mettum,

248 3082 332 3164 quod
354 3083 531 3162 requiritur,
555 3083 698 3148 restituit
719 3082 877 3148 Nauckius
901 3083 922 3146 l.
939 3083 959 3148 i.
982 3081 1145 3166 conjiciens
1168 3075 1289 3165 τούμὸν

247 3192 297 3264 τίς
321 3192 371 3264 τίς
404 3186 499 3270 ἔλαχε
533 3191 636 3270 τέκος,
673 3187 949 3269 11111111,
985 3189 1067 3270 quod
1102 3189 1136 3254 in
1171 3192 1290 3254 textum

243 3295 387 3361 editionis
418 3297 545 3378 recepit.
589 3295 649 3362 Sed
682 3316 751 3362 cum
783 3295 875 3360 modo
906 3297 1090 3382 Talthybius
1126 3297 1290 3364 Hecubam

239 3403 380 3487 jusserit,
406 3402 550 3485 deinceps
567 3403 705 3488 singulas
723 3423 773 3469 res
789 3421 828 3468 ex
844 3421 877 3470 se
901 3423 1048 3483 quaerere
1071 3403 1187 3486 illaque
1199 3424 1289 3487 prue-

246 3513 337 3594 cepto
383 3511 501 3593 pareat,
546 3509 659 3592 duplex
693 3529 862 3594 pronomen
896 3509 1151 3592 interrogativum
1186 3512 1290 3578 minus

243 3622 351 3701 aptum
374 3617 510 3694 videtum
534 3636 632 3699 neque
649 3618 713 3682 ulla
729 3635 822 3684 causa
836 3623 894 3696 111,
919 3636 975 3683 cur
990 3610 1063 3703 ἄρα,
1088 3636 1149 3700 qua
1170 3620 1287 3702 optime

314 3808 336 3876 ¹)
355 3805 388 3859 de
407 3824 418 3858 ε
437 3806 565 3876 producto
588 3809 649 3860 unte
669 3807 697 3858 ιλ
715 3825 740 3862 v.
759 3807 915 3876 Seidlerum,
940 3809 973 3861 de
990 3824 1058 3864 vers.
1077 3809 1183 3864 dochm.
1202 3827 1226 3878 p.
1245 3807 1288 3876 21,

242 3891 345 3960 11109,
363 3891 462 3947 Goebcl
479 3893 512 3947 de
530 3907 595 3946 corr.
614 3892 703 3948 attica.
722 3893 814 3948 dubito
832 3897 921 3948 tumen
939 3911 973 3950 au
991 3909 1044 3948 uon
1061 3899 1123 3966 post
1141 3892 1237 3946 ἶννεπε
1258 3892 1290 3946 σύ

242 3975 378 4032 exciderit
