3060 4574
660 369 859 430 ..7.-

243 573 322 638 quae
338 555 432 622 leutio
448 573 519 620 eum
534 555 568 619 et
584 553 623 619 ad
647 553 830 620 seutentiam
851 555 1172 621 aooommodatissime
1191 556 1234 622 sit
1253 558 1287 621 et

243 663 341 728 metro
382 661 575 740 defendatur,
612 662 650 726 ab
687 662 828 728 omuibus
864 661 1034 727 editoribus
1067 663 1193 745 recepta
1227 662 1284 727 est.

243 771 271 836 V
291 770 421 854 praebet
443 789 497 853 pro
521 762 655 854 ἀνάγετε
680 760 785 854 άγετε,
812 769 895 852 quod
911 769 1077 834 scholiasta
1100 770 1189 854 legit,
1215 788 1286 834 oum

244 879 391 962 explicet:
416 873 500 963 πρὸς
514 874 649 953 ἑαυτοὺς
665 875 711 956 δὲ,
727 877 818 963 φησι,
842 874 1098 962 παρεκελεύοντο
1115 874 1147 940 οἱ
1169 877 1285 963 Τρῶες,

243 985 341 1050 τοῦτο
364 981 404 1048 τὸ
426 980 512 1070 ἱερὸν
536 980 662 1066 ξόανον,
686 980 742 1047 τὸν
765 981 883 1064 ἵππον,
907 976 1002 1070 ἄγετε
1022 983 1062 1070 τῇ
1085 976 1217 1070 Ἀθηνᾷ.

332 1092 535 1158 Luculentius
558 1091 653 1157 etiem
676 1091 853 1172 exemplum
876 1093 1005 1174 praebet
1023 1111 1051 1158 v.
1073 1093 1149 1158 535.

332 1197 407 1262 inde
429 1219 447 1263 u
467 1218 495 1264 v.
520 1200 583 1264 531
607 1198 638 1262 iu
662 1198 691 1263 V
715 1197 866 1280 seriptum
887 1198 1044 1264 videmus:

511 1306 604 1369 πᾶσα
627 1303 663 1368 δὲ
686 1307 779 1389 γέννα
803 1305 935 1391 Φρυγῶν

510 1409 595 1499 πρὸς
617 1410 725 1488 πύλας
749 1405 902 1499 ὡρμάθη,

511 1518 619 1605 πεύκᾳ
640 1516 673 1584 ἐν
697 1512 808 1605 οὐρεία

511 1623 624 1707 ξεστὸν
647 1624 743 1708 λόχον
765 1619 914 1713 Ἀργείων

511 1736 566 1798 καὶ
590 1732 773 1819 Δαρδανίας
793 1726 874 1797 ὅταν

511 1845 578 1905 θέα
596 1837 710 1905 δώσων

511 1948 591 2033 (καὶ)
611 1945 704 2033 χάριν
727 1939 845 2033 άζυγος
867 1940 1142 2034 ἀμβροτοπώλου.

335 2059 370 2122 in
394 2058 420 2122 P
451 2075 507 2140 pro
537 2059 605 2119 θέα
625 2055 646 2119 i.
671 2075 697 2119 ι.
720 2058 789 2141 θέᾳ
810 2057 961 2140 seriptum
985 2057 1033 2122 est
1062 2058 1140 2143 θεᾷ.
1186 2060 1283 2125 Para-

241 2167 368 2249 phrasta
393 2167 470 2230 haec
496 2162 737 2229 commentatur:
770 2163 825 2226 not
857 2157 875 2226 ὁ
900 2167 1049 2248 Πρίαμος
1077 2161 1198 2252 ἐξῆλθε
1227 2164 1284 2252 τὴν

241 2271 363 2359 βλάβην
385 2269 600 2352 θεασόμενος,
634 2289 695 2352 quo
721 2269 796 2335 fisus
826 2271 1035 2336 Kirohhostius
1063 2273 1098 2337 in
1129 2275 1284 2358 prioribus

241 2381 361 2445 duabus
391 2379 580 2444 editionibus
606 2378 773 2444 lectionem
802 2379 947 2445 Vetioani
977 2380 1103 2464 recepit.
1159 2382 1221 2448 Sed
1248 2385 1285 2449 ut

241 2487 452 2567 oouoedamua
491 2489 560 2572 θέᾳ
590 2483 716 2550 διδόναι
752 2485 813 2550 dioi
848 2505 939 2569 posse
978 2487 1030 2570 (oi.
1064 2487 1158 2556 Andr.
1183 2492 1283 2579 1087)

241 2595 344 2660 tamen
367 2594 427 2659 hoo
448 2592 515 2660 loeo
547 2599 630 2660 oorte
661 2593 830 2658 absurdum
859 2597 916 2660 est.
963 2595 1045 2660 Nam
1075 2615 1146 2662 oum
1178 2619 1284 2668 omnes

242 2701 367 2786 hojoni
391 2718 504 2782 equum
526 2702 666 2787 ligneum
690 2701 826 2766 viderint
856 2700 909 2784 (oi.
934 2704 999 2768 522
1024 2705 1094 2786 sup),
1129 2723 1184 2770 our
1212 2709 1285 2774 tuno

242 2811 337 2876 etiam
358 2809 449 2874 illum
473 2809 513 2874 ad
536 2808 807 2892 contemplandum
830 2813 1025 2893 proponant?
1064 2811 1170 2892 Atque
1192 2813 1223 2878 iu
1247 2817 1287 2882 iis

246 2936 325 3000 quae
345 2919 518 2999 sequuntur
534 2917 684 2992 narratur,
709 2915 856 3000 Troianos
880 2935 993 2999 equum
1016 2917 1288 3003 intomptooollo-

242 3044 339 3106 essse,
366 3045 426 3091 non
452 3026 482 3090 in
508 3025 633 3110 publiea
656 3025 863 3108 proposuisse.
911 3023 973 3091 Sed
988 3026 1120 3092 maxime
1143 3030 1289 3098 Vatioani

243 3134 337 3199 leutio
369 3135 565 3218 appositione
589 3131 682 3219 χάριν
705 3123 824 3218 ἄζυγος
852 3125 1140 3222 άμβροτονιωλουί)
1172 3139 1289 3206 refelli·

243 3244 303 3322 tur,
329 3261 422 3324 quam
447 3242 485 3307 ad
509 3242 608 3308 totam
625 3240 809 3306 sententiam
832 3241 997 3324 pertinere,
1022 3241 1067 3306 ita
1092 3247 1128 3308 ut
1144 3245 1290 3329 genitivis

242 3357 383 3422 Minerva
395 3354 583 3436 designetur,
600 3353 683 3420 reete
699 3353 820 3418 monuit
831 3352 1069 3438 trasgarius).
1108 3351 1195 3418 Haeo
1208 3355 1289 3419 enim

330 3585 352 3652 ¹)
371 3583 411 3636 sio
429 3584 501 3636 reeta
518 3579 697 3651 Musgrarius.

329 3670 351 3738 ²)
369 3667 539 3724 Hermannus
566 3668 674 3738 quidem
709 3666 814 3720 divorse
846 3665 1036 3733 iuterpretatur
1075 3665 1192 3734 „donum
1230 3665 1291 3736 equi

242 3755 336 3824 divini,
354 3757 488 3809 frenorum
505 3753 700 3824 impatientis“;
719 3769 772 3808 uon
789 3755 868 3821 neoto,
886 3767 949 3806 uem
969 3766 1056 3820 usquo
1073 3751 1107 3806 ab
1125 3752 1292 3820 appositione

241 3841 325 3912 χάριν
344 3841 479 3910 genitivus
496 3841 554 3910 ejus
571 3839 687 3894 notionis
704 3841 819 3908 pendero
838 3841 931 3908 potest,
957 3851 1025 3904 quaa
1042 3838 1102 3906 ipsu
1125 3837 1292 3906 appositione

242 3927 392 3981 definienda
409 3929 457 3994 est,
485 3943 570 3996 neque
593 3927 703 3981 chorum
728 3925 757 3979 in
779 3927 872 3980 eodem
894 3923 1032 3978 enuntiate
1055 3925 1110 3978 tam
1134 3923 1238 3978 divorso
1260 3923 1294 3984 de

241 4029 310 4083 equo
328 4013 417 4068 diuers
434 4013 589 4068 verisimile.
