3060 4574
616 373 837 438 ...11-

217 559 376 637 lectiones,
401 577 477 639 quas
493 559 520 624 P
536 561 641 626 contra
662 561 847 625 scholiorum
864 561 1080 627 auctoritatem
1097 563 1255 646 praebeat,

217 685 256 731 ex
279 665 341 731 ulio
363 665 498 746 quodam
522 667 626 732 codice
649 669 723 732 inP
745 669 899 733 correctas
922 687 999 733 esse.
1049 667 1109 732 Sed
1120 669 1178 732 hoc
1195 687 1255 734 non

212 773 312 858 magis
336 772 503 838 verisimile
528 778 585 854 cst,
613 794 706 856 qnam
729 776 761 838 in
785 775 888 840 Rheso
918 795 969 841 eas
993 774 1151 853 lectiones,
1185 777 1253 855 qui-

213 881 269 945 hus
292 880 564 946 LaurentianusV
588 884 620 946 et
648 881 847 946 scholiastam
875 883 1001 966 superat
1026 881 1254 965 (6111116116-

212 985 336 1051 witzin
360 1006 463 1073 progr.
487 987 550 1053 ind.
577 1009 608 1072 p.
634 991 668 1074 9)
702 1009 718 1054 e
742 991 916 1055 correctura
941 994 1026 1055 ortas
1058 1007 1141 1054 esso:
1177 989 1253 1054 haec

213 1094 393 1160 emendandi
428 1095 559 1161 facultas
595 1116 613 1161 a
637 1097 806 1181 posteriore
838 1098 938 1162 aetate
966 1096 1206 1180 Byzantinorum
1235 1115 1253 1159 a

212 1203 348 1267 veterum
371 1204 647 1286 grammaticorum
672 1204 810 1269 doctrina
834 1209 866 1268 et
890 1203 1060 1286 sagacitate
1088 1202 1177 1283 longe
1201 1221 1251 1266 rc-

211 1311 294 1374 mota
332 1309 432 1375 aliena
467 1315 542 1375 erat.
602 1311 721 1392 ltaque,
759 1312 794 1375 ut
829 1312 894 1395 jam
931 1310 1115 1375 sententiam
1151 1327 1253 1373 meam

213 1417 375 1498 proferam,
414 1417 617 1500 paraphrasta
662 1436 737 1483 usus
769 1419 817 1483 661
846 1419 949 1498 aliquo
980 1437 1016 1481 ex
1052 1417 1117 1481 avis
1155 1414 1252 1480 nostri

210 1523 363 1604 Vaticani,
389 1525 442 1605 qui
465 1544 517 1589 eas
537 1526 694 1604 lectiones,
728 1526 758 1589 in
782 1525 894 1606 quibus
917 1524 1084 1590 scholiasta
1105 1525 1131 1587 P
1164 1523 1251 1603 sequi

209 1627 340 1710 videtur,
370 1632 531 1697 etiamtum
553 1633 697 1711 habebat,
726 1633 780 1698 sed
812 1633 868 1712 eis,
900 1633 1011 1714 quibus
1040 1631 1093 1695 1116
1120 1630 1200 1694 false
1223 1629 1250 1692 V

210 1735 359 1818 sequitur,
384 1757 453 1802 cum
469 1740 495 1805 P
513 1741 631 1805 rectam
647 1740 831 1823 scripturam
856 1740 1011 1822 praebeat,
1034 1737 1098 1820 jam
1114 1735 1248 1800 carebat.

209 1839 270 1906 Sed
306 1844 381 1924 quid
415 1847 483 1910 tum
518 1846 648 1912 facimus
675 1848 714 1912 iis
742 1847 935 1924 lectionibus,
974 1864 1049 1927 quas
1084 1841 1251 1907 scholiasta

208 1949 292 2014 solus
326 1951 469 2018 exhibet?
514 1955 562 2020 Ne
586 1955 646 2019 hae
675 1955 798 2036 quidem
836 1953 1006 2018 sentcntiae
1045 1949 1166 2015 nostrae
1201 1965 1250 2012 16-

207 2055 373 2140 fragantur.
422 2059 484 2126 Sex
497 2063 577 2127 enim
593 2061 719 2126 illorum
743 2061 880 2126 locorum
903 2062 936 2123 in
959 2058 1089 2124 choricis
1111 2058 1248 2131 exstant,

207 2163 299 2246 atque
323 2165 417 2232 etiam
443 2188 470 2232 v.
497 2172 562 2234 644
586 2168 723 2232 (1111161116
743 2170 791 2233 661
824 2167 993 2250 explicatu;
1022 2162 1129 2245 quidni
1150 2161 1248 2244 igitur

206 2271 322 2338 factum
335 2293 413 2340 csse
436 2279 551 2360 potest,
581 2277 617 2340 111
642 2276 708 2359 jam
737 2278 771 2341 in
796 2279 900 2340 161616
930 2273 985 2338 1116
1015 2266 1246 2345 commentario,

209 2399 268 2462 qno
291 2383 494 2465 paraphrasta
516 2401 591 2449 usus
607 2389 665 2463 est
688 2383 877 2450 difficiliores
899 2381 960 2447 loci
983 2375 1127 2464 explicati
1142 2373 1248 2438 essent

205 2489 237 2552 61
269 2489 474 2571 paraphrasta
507 2491 563 2555 has
599 2493 821 2575 explicationes
855 2509 926 2556 eum
960 2486 1116 2555 veteribus
1157 2478 1246 2544 bonis

203 2593 388 2661 lectionibus
425 2599 496 2680 plus
536 2599 676 2665 minusve
712 2600 790 2664 scite
834 2597 868 2662 in
911 2615 998 2662 suam
1044 2587 1246 2676 paraphrasin

203 2700 383 2768 intexeret?
440 2704 544 2786 Atque
594 2707 625 2770 in
662 2706 815 2771 nonnullis
861 2705 970 2769 harum
1012 2696 1245 2786 paraphrasium

204 2809 379 2875 etiamnunc
402 2816 458 2878 aut
474 2813 598 2896 majoris
615 2812 771 2878 doetrinae
793 2812 926 2892 vestigia
947 2828 1040 2892 quam
1055 2823 1134 2886 quae
1154 2821 1244 2886 para-

202 2914 345 2996 phrastae
380 2921 487 2984 nostro
514 2920 696 3004 plerumque
729 2921 823 2986 uerba
854 2917 964 3001 poetae
995 2916 1060 2982 arte
1092 2912 1245 2996 prementi

201 3023 297 3088 tribui
316 3025 426 3108 possit,
451 3027 507 3092 aut
523 3026 644 3094 diversa
665 3028 745 3093 11116
762 3024 936 3110 explicandi
960 3022 1110 3108 distingui
1128 3021 1243 3103 potest.

202 3129 239 3194 cs.
255 3150 282 3196 v.
301 3133 366 3198 308
390 3130 525 3198 δύναται
548 3133 584 3198 δὲ
605 3132 689 3222 πρὸς
714 3131 829 3221 ἑαυτὴν
851 3135 955 3219 λέγειν
976 3127 1048 3198 ἀντὶ
1070 3128 1128 3192 τοῦ
1151 3118 1244 3207 ἄνεχε

202 3240 256 3304 καὶ
279 3247 370 3328 φέρε.
417 3241 483 3308 514
514 3240 653 3328 reciperis
682 3265 724 3324 με
750 3233 827 3327 ᾆσαι
861 3239 1045 3330 ἐπικήδειον
1075 3240 1173 3321 μέλος
1197 3235 1244 3315 εἰς

201 3346 257 3436 τὴν
273 3342 381 3430 Ἴλιον,
412 3351 484 3433 post
508 3369 585 3431 quae
609 3353 703 3416 verba
725 3351 929 3434 paraphrasta
950 3351 1054 3435 pergit
1080 3345 1098 3412 e
1122 3347 1190 3413 ἐστι
1213 3374 1242 3414 κ.

201 3480 229 3520 τ.
246 3457 274 3520 λ.
293 3459 368 3524 643.
387 3453 450 3541 syo
466 3455 503 3520 δὲ
518 3455 699 3538 τοξεύσασα
716 3457 797 3544 soff)
814 3457 959 3542 βαλοῦσα
975 3455 1031 3522 τὸν
1047 3452 1171 3520 σκοπὸν
1186 3457 1243 3542 τῆς

200 3559 407 3648 εὐδαιμονίας
444 3569 503 3630 616.
553 3567 657 3630 Etiam
692 3586 799 3632 versus
838 3568 922 3632 1055
958 3564 1155 3650 paraphrasis
1185 3557 1243 3629 κᾶν

200 3665 376 3738 ἀκόλαστοι
408 3670 495 3736 πάνυ
531 3661 608 3736 ὦσιν
644 3677 780 3740 veterem
815 3675 950 3758 glossam
987 3672 1077 3754 sapit.
1124 3670 1241 3738 Eodem

199 3781 290 3846 modo
310 3781 386 3846 alibi
408 3780 562 3846 interdum
579 3779 669 3864 juxta
692 3799 762 3846 eam
785 3782 959 3858 lectionem,
992 3799 1085 3860 quem
1108 3797 1188 3844 nuno
1211 3780 1241 3844 in

201 3889 288 3954 libris
310 3889 453 3972 legimus,
478 3889 562 3952 recte
583 3887 749 3970 explicatio
774 3890 850 3954 recti
867 3887 1008 3952 vocabuli
1033 3893 1155 3956 serrata
1178 3891 1241 3966 est;

199 3999 308 4080 ““’ῑ)
329 4000 362 4064 ie
380 4009 424 4062 καὶ
442 4011 475 4068 61.
493 4011 586 4080 lehis,
604 4013 637 4067 de
655 4010 736 4067 schol.
754 4009 905 4068 Pindaricis
923 4027 947 4080 p.
967 4012 1000 4068 25
1018 4015 1045 4066 61
1063 4027 1087 4080 p.
1105 4012 1148 4070 ro.
