3060 4574
645 317 869 392 ..29-

247 515 333 580 illius
353 514 515 592 versiculi;
550 517 773 600 grammaticus
804 517 886 582 enim
908 517 1084 602 granditate
1113 538 1220 585 versus
1244 523 1287 586 48

243 641 352 704 parum
384 624 547 706 perspecta
575 643 643 688 eum
681 623 836 690 addidisse
871 625 1002 704 ridetur,
1034 646 1104 691 cum
1141 627 1287 706 crederet,

240 729 411 812 particulae
432 729 492 812 μὲν
514 731 623 812 utique
657 731 840 814 respondere
865 732 975 798 debere
998 730 1044 796 δέ.
1090 733 1160 797 Μὲν
1184 736 1288 800 autern

241 856 312 904 cum
336 857 443 903 vocem
466 840 552 922 γε’νει
575 840 699 923 augeat,
725 839 813 904 effert
833 840 1030 923 majestatem
1054 841 1113 906 dei.

334 947 410 1012 139.
448 945 580 1010 Hecuba
603 946 634 1010 in
659 946 793 1011 carmine
816 947 1012 1029 anapaestico
1036 947 1073 1012 de
1097 967 1129 1014 se
1153 949 1246 1016 dicit:

379 1043 464 1134 ὤμοι
486 1050 615 1128 δάκους
638 1047 694 1128 οὓς
717 1049 837 1118 θάσσω

375 1171 507 1246 σκηναῖς
531 1156 671 1246 ἔφεδρος
694 1152 967 1243 Ἀγαμεμνονίαις.

329 1268 422 1332 Hunc
444 1286 578 1346 versum,
599 1268 630 1332 in
656 1286 716 1350 quo
734 1269 869 1351 quinque
890 1269 999 1333 breves
1024 1269 1161 1354 syllabae
1182 1290 1215 1335 se
1234 1291 1285 1336 ex-

240 1374 365 1457 cipiant,
387 1375 564 1460 corruptela
586 1375 727 1440 laborare
752 1377 890 1458 apparet.
937 1376 1079 1455 Bothius
1111 1396 1203 1458 quem
1236 1399 1285 1445 se-

241 1481 345 1563 quitur
372 1483 571 1548 Hermannus
600 1483 735 1548 metrum
766 1483 907 1549 restituit
940 1484 1078 1548 scribens
1110 1482 1284 1573 ἐφέδρους,

241 1588 296 1654 sed
319 1589 377 1654 hoc
400 1591 585 1655 vocabulum
608 1590 733 1654 tantum
757 1591 795 1655 de
810 1589 950 1673 personis
964 1591 1089 1656 videtur
1103 1595 1285 1676 usurpatum

240 1716 316 1763 esse.
364 1697 402 1762 cf.
426 1697 498 1763 Jon.
531 1699 606 1776 202,
643 1698 759 1763 Pheea.
793 1699 889 1764 1095.
936 1699 1029 1764 Rhes.
1057 1701 1120 1765 119
1142 1701 1184 1765 ib.
1209 1704 1284 1767 954.

239 1804 416 1870 Praestabit
438 1805 536 1889 igitur
552 1806 685 1870 seribere
710 1816 842 1892 σκηναῖς
857 1798 1121 1890 Ἀγαμεμνονίαις
1137 1805 1284 1894 ἔφεδρος.

240 1912 286 1977 De
310 1930 437 1978 caesura
455 1912 599 1997 neglecta
620 1912 658 1978 cs.
681 1911 794 1978 Christ.
819 1913 951 1997 Metr.§
977 1915 1041 1978 292
1066 1914 1136 1980 adn.

329 2021 404 2084 233.
452 2020 618 2104 Talthybio
643 2019 823 2085 adveniente
848 2021 958 2086 chorus
979 2021 1150 2086 exclamat:

372 2130 405 2190 τί
428 2129 539 2213 φέρει;
563 2129 596 2190 τί
618 2126 720 2210 λέγει;
745 2125 859 2191 δοῦλαι
880 2123 940 2213 γὰρ
965 2125 1003 2214 δὴ

374 2232 520 2320 Δωρίδος
541 2230 637 2315 ἐσμὲν
660 2229 784 2313 χθονὸς
807 2225 877 2320 ἤδη.

237 2340 273 2404 ln
296 2341 397 2423 priore
425 2361 516 2407 versu
546 2339 676 2406 offendit
697 2341 857 2406 Naucbius
890 2341 973 2407 stud.
998 2341 1029 2406 ΙΙ
1051 2361 1081 2424 p.
1106 2345 1180 2422 164,
1212 2345 1285 2426 quia

240 2466 339 2527 neque
379 2449 551 2533 conjunctio
579 2448 803 2530 particularum
840 2443 878 2534 δὴ
907 2449 939 2513 et
973 2440 1032 2534 ἤδη
1061 2448 1134 2514 ferri
1168 2453 1283 2532 posset,

236 2573 336 2637 neque
372 2557 566 2621 enuntiatum
600 2557 725 2622 causale
767 2555 944 2620 conveniret
980 2556 1284 2640 interrogationibus,

236 2681 317 2741 quae
355 2663 584 2745 praecederent.
644 2661 781 2747 Conjecit
821 2663 918 2746 igitur
951 2663 1021 2743 μιῦν
1055 2661 1196 2728 δείλαιοι
1229 2686 1284 2748 pro

236 2767 350 2834 δοῦλαι
373 2766 434 2856 γὰρ
456 2766 505 2856 δὴ.
551 2769 627 2835 Jam
652 2770 679 2834 si
703 2769 914 2834 examinamus
930 2788 1038 2836 musas
1054 2769 1282 2853 illasNauekii,

234 2877 368 2959 priorem
392 2877 468 2942 satis
488 2879 604 2942 temere
628 2876 751 2942 videtur
767 2877 918 2958 posuisse.
965 2877 1047 2942 Nam
1070 2876 1192 2943 etiamsi
1210 2898 1282 2944 con·

236 2983 345 3048 cedam
373 2985 475 3050 tribus
511 3003 616 3048 eorum
649 2983 787 3050 locorum
826 3001 903 3064 qnos
937 2982 1096 3049 Nauckius
1131 2985 1220 3051 affert
1240 3025 1283 3036 —

235 3090 303 3156 dioo
326 3090 409 3156 Med.
439 3111 468 3156 ν.
502 3092 598 3169 1292,
635 3089 704 3156 Ale.
730 3093 773 3156 94
809 3090 841 3155 et
871 3091 933 3155 132
959 3091 1090 3156 -sive
1127 3093 1157 3156 in
1192 3093 1282 3160 libris

234 3198 299 3264 sive
322 3198 363 3262 ab
387 3199 563 3264 hominibus
587 3197 686 3263 doctis
708 3198 877 3281 particulas
896 3199 967 3264 illas
991 3199 1068 3264 false
1093 3219 1160 3264 esse
1185 3219 1280 3285 copu-

232 3305 323 3384 latas,
350 3307 455 3371 tamen
482 3306 544 3371 alia
572 3307 691 3370 restant
718 3305 858 3388 exempla
894 3305 985 3389 hujus
1019 3306 1241 3390 conjunctionis
1265 3329 1284 3374 a

234 3412 375 3479 Nauckio
430 3413 555 3490 omissa,
603 3413 716 3493 quibus
768 3412 975 3494 corruptelam
1025 3412 1150 3478 subesse
1197 3415 1283 3482 nulla

232 3520 281 3585 est
318 3538 411 3585 cause
456 3538 510 3586 eur
548 3519 714 3584 statuatur.
776 3519 863 3584 Dicit
904 3519 985 3584 enim
1025 3518 1165 3602 Xenopb.
1207 3520 1279 3588 Oco.

232 3629 261 3705 9,
289 3630 308 3692 6
340 3624 414 3690 ἐπεί
438 3624 596 3690 δὲταῦτα
616 3622 806 3712 διήλθομεν,
837 3623 911 3711 ἔφη,
944 3617 1032 3688 οὕτω
1053 3622 1091 3713 δὴ
1114 3617 1173 3714 ἤδη
1197 3626 1281 3694 κατὰ

231 3730 337 3818 φυλὰς
361 3732 560 3818 διεκρίνομεν
582 3729 623 3796 τὰ
647 3731 785 3813 ἔπιπλα,
818 3733 894 3800 dicit
924 3733 1016 3798 Plato
1046 3735 1179 3800 Phaedr.
1215 3739 1279 3802 277

231 3839 284 3904 νῦν
321 3837 359 3926 δι’]
404 3838 511 3904 ίκεῑνα
548 3831 605 3926 ἤδη
639 3837 947 3922 ....δι·να’μεθα
986 3845 1113 3928 κρίνειν,
1156 3840 1281 3907 τούτων

231 3940 517 4032 δμολογονμίνων,
542 3947 676 4033 legimus
699 3967 789 4030 porro
813 3946 910 4012 Arist.
930 3948 1001 4034 Lys.
1026 3951 1090 4016 523
1114 3941 1168 4012 ὅτε
1192 3943 1282 4036 δίγδ
