3060 4574
678 322 898 394 „32-

270 519 469 604 Musgravius
496 520 615 603 primus
643 521 699 586 hos
730 539 847 600 versus,
881 521 934 603 qui
964 522 995 585 in
1022 523 1051 586 V
1082 520 1316 590 Andromachae

271 627 498 705 continuantur,
521 627 551 691 iu
573 629 599 693 P
624 628 769 694 Hecubae
792 629 980 704 tribuuntur.
1013 629 1043 692 in
1067 629 1227 694 Priamum
1256 650 1316 697 uon

271 735 420 817 quadrare
453 735 543 801 dixit.
596 736 680 800 Nam
710 754 809 815 neque
840 737 1001 802 Priamum
1029 735 1089 802 dici
1119 755 1209 820 posse
1241 731 1316 820 λῦμ’

270 838 405 925 Ἀχαιῶν
431 862 459 925 q.
485 862 509 907 s.
535 843 704 925 perniciem
734 843 934 923 Achivorum,
967 863 1066 926 neque
1089 846 1316 930 νιρεσβνμενές,

272 952 355 1035 quod
370 951 557 1017 uocabulum
574 951 699 1015 tantum
713 951 862 1034 majorem
879 953 954 1017 natu
972 952 1160 1034 designaret.
1207 953 1317 1034 ltaque

270 1059 409 1124 Palatini
428 1058 592 1124 lectionem
616 1058 648 1122 in
678 1051 805 1144 δήποθ’
828 1060 952 1124 mutans
976 1059 1068 1124 simul
1098 1060 1232 1126 mutavit
1259 1051 1318 1123 ιἰὖ
1425 1081 1428 1090 ·

269 1169 301 1232 in
313 1189 375 1247 τοι,
392 1170 519 1251 Πρίαμε
535 1165 567 1230 in
584 1162 732 1252 Πριάμῳ.
757 1166 796 1230 Ei
812 1167 936 1233 assensi
954 1167 1026 1231 sunt
1049 1166 1216 1247 Seidlerl18‚
1235 1168 1316 1234 Her·

270 1293 413 1353 mannus,
438 1273 627 1339 Dindorfius.
677 1273 739 1338 Sed
760 1275 844 1339 recte
872 1275 921 1339 his
953 1274 1028 1340 viris
1059 1275 1173 1359 objecit
1202 1275 1316 1342 Kiroh-

270 1383 392 1461 hosfius,
417 1382 503 1463 λῦμα
527 1381 649 1464 proprie
679 1401 746 1446 esse
778 1381 893 1461 cordae,
926 1383 1147 1465 Priamumque
1177 1383 1223 1448 ita
1254 1383 1317 1449 dici

270 1510 371 1575 posse,
403 1490 476 1572 quia
504 1486 588 1574 λύμῃ
619 1490 661 1554 sit
689 1489 832 1568 affectum
863 1487 1082 1576 πρεσβυγενής
1116 1510 1188 1556 vero
1221 1492 1317 1557 etiam

271 1597 455 1682 generaliter
479 1597 612 1676 „vetus“
638 1597 811 1682 siguificare
840 1614 931 1678 posse
957 1597 1026 1682 jam
1058 1596 1214 1664 Seidlerus
1244 1618 1317 1664 con·

270 1707 373 1785 cessit,
401 1704 495 1770 allato
520 1703 638 1770 Cratini
661 1705 738 1783 loco¹
763 1704 817 1768 ubi
830 1702 944 1790 χρόνος
960 1704 1073 1770 dicitur
1087 1704 1316 1793 πρεσβυγενής.

270 1812 482 1879 Kirohbolfius
526 1812 623 1896 igitur
669 1811 812 1876 Vaticani
846 1811 1011 1877 lectionem
1043 1813 1108 1878 sine
1143 1813 1316 1880 mutatione

271 1920 378 2000 edidit,
417 1918 510 1984 simul
545 1937 651 1984 versus
688 1919 856 1984 secuudum
893 1919 1036 2003 strophae
1067 1920 1317 1987 distributionem

271 2029 353 2094 inter
376 2028 537 2093 Haoubam
561 2028 593 2092 ct
613 2025 864 2092 Andromacham
888 2027 1043 2105 dividens3
1066 2028 1147 2109 quod
1162 2029 1317 2111 posterius

269 2135 442 2202 rectissime
464 2135 545 2200 certe
569 2134 662 2212 feeit;
693 2154 766 2200 nam
787 2134 962 2217 ubieunque
994 2135 1137 2218 strophae
1174 2137 1205 2200 et
1235 2137 1316 2201 anti-

273 2243 416 2326 strophae
441 2243 472 2307 in
498 2242 573 2308 duas
596 2261 743 2325 personas
767 2242 889 2321 cadunt,
915 2261 1073 2324 exaequo
1097 2259 1204 2308 versus
1233 2243 1317 2309 inter

274 2351 436 2430 rrtramque
460 2349 649 2414 dividuntur.
698 2348 803 2432 Atque
827 2369 898 2416 cum
914 2349 1133 2415 Andromacha
1147 2350 1316 2418 Hectorem

272 2457 438 2535 vocaverit,
463 2458 499 2521 ut
523 2457 583 2520 sibi
607 2456 762 2539 praesidio
787 2458 915 2535 veniret,
938 2457 1099 2522 Priamum
1124 2457 1162 2522 ab
1185 2459 1316 2524 Hecuba

269 2565 373 2631 vocari
397 2564 635 2630 consentaneum
658 2563 716 2629 est.
761 2563 870 2644 Itaque
897 2564 1033 2646 primum
1069 2564 1100 2628 et
1124 2565 1315 2647 postremum

269 2691 394 2740 uersum
429 2673 568 2750 Hecuba,
610 2671 686 2736 duos
718 2670 918 2754 interpositos
950 2669 1167 2736 Andromacha
1214 2673 1315 2738 dicere

269 2782 373 2846 debet.
423 2780 514 2861 Quod
537 2779 668 2845 sirecte
692 2779 886 2863 disputatum
903 2779 961 2858 est,
983 2778 1062 2843 illud
1077 2779 1165 2861 patet
1181 2779 1317 2844 Palatini

268 2890 432 2954 lectionem
466 2887 502 2953 δέ
524 2879 600 2952 ποτ’
631 2888 809 2971 corruptam
843 2905 920 2963 esse,
957 2885 1012 2950 sed
1046 2884 1140 2949 etiam
1174 2886 1316 2951 Vaticani

267 2997 400 3062 lectione
425 2996 560 3078 recepta,
587 2996 740 3060 sententia
769 2993 876 3076 inepta
906 2992 1036 3056 exsistit.
1081 2993 1162 3057 Nam
1190 3012 1314 3058 suorum

271 3104 441 3170 liberorum
462 3102 620 3166 dominum
655 3099 904 3165 Andromacham
935 3099 1096 3164 Priamum
1131 3099 1317 3182 compellare

268 3231 328 3277 non
361 3229 460 3294 posse,
498 3209 582 3273 recte
616 3207 721 3271 monet
754 3205 975 3271 Kirchhoffius.
1035 3207 1144 3289 ltaque
1181 3205 1317 3271 dubitari

269 3338 331 3384 uon
363 3316 476 3400 potest,
512 3315 586 3395 quin
622 3313 733 3380 vitium
772 3314 881 3378 subsit.
925 3313 1030 3396 Atque
1065 3313 1199 3379 Weilius
1232 3313 1316 3380 idem

267 3426 354 3490 ratus
367 3423 526 3508 conjecit1)
548 3418 651 3486 τεκὼν
667 3421 740 3508 φῶς
752 3413 829 3485 ποτ’
840 3413 923 3503 ἀμὸν
938 3422 1163 3506 πρεσβυγενές,
1178 3424 1316 3507 Πρίαμε.

268 3532 346 3598 Mihi
371 3531 403 3595 in
427 3550 487 3596 uno
511 3531 605 3596 verbo
629 3522 721 3616 ἆμιῦν
751 3529 946 3612 corruptelae
982 3529 1070 3594 sedes
1097 3529 1220 3594 videtur
1249 3548 1316 3594 esse

269 3639 352 3724 quod
382 3639 568 3704 mutaverim
601 3639 633 3702 in
664 3629 771 3722 ἶν’κρων
802 3637 872 3701 coll.
906 3656 935 3702 v.
967 3639 1032 3701 475
1068 3655 1112 3716 sq,
1148 3633 1317 3723 ἐγεινάμην

268 3749 374 3828 τέκνα,
412 3739 468 3810 οὐκ
500 3739 645 3831 ἀριθμὸν
678 3736 794 3824 ἄλλως,
836 3737 906 3808 ἀλλ’
939 3737 1142 3830 ὑπερτάτους
1175 3742 1316 3830 Φρυγῶν.

358 3977 378 4046 ¹)
395 3990 477 4031 revue
496 3974 528 4028 de
546 3972 638 4041 philol.
656 3989 737 4027 nouv.
757 3971 824 4027 serie
843 3971 918 4040 1877,
936 3986 962 4039 p.
982 3969 1040 4023 194.
