3060 4574
654 384 871 446 ..42-

245 574 354 657 eipiat.
413 572 517 654 Atque
548 573 606 638 hoe
642 572 733 638 modo
769 571 902 654 primum
935 571 1061 654 ponitur
1091 571 1163 655 post
1196 573 1289 640 verbe

245 680 416 746 veluntatis
449 699 588 760 quaeque
611 680 796 744 contrariam
829 679 892 743 vim
915 679 1040 757 habent,
1074 678 1183 744 deinde
1219 680 1291 762 pest

244 788 338 853 uerba
360 787 513 852 sentiendi
546 787 577 851 et
600 786 786 864 declarandi,
821 785 951 867 denique
975 786 1047 869 pust
1075 788 1178 864 verba,
1211 805 1290 866 quae

246 895 422 979 significant
449 892 629 958 faeultatem
652 895 766 958 habere
791 897 823 958 et
861 893 1041 958 facultatem
1077 893 1149 958 dare
1186 894 1289 959 alieni.

244 1001 295 1066 Ad
318 1002 396 1066 hane
420 1002 545 1066 tertiam
568 1002 700 1066 classem
723 1020 759 1066 ex
790 1000 893 1065 uerbis
923 1000 1096 1065 transitivis
1128 1001 1222 1065 etiam
1255 1021 1292 1066 es

248 1108 413 1192 pertinent,
441 1127 520 1189 quae
543 1107 719 1192 significant
740 1108 850 1185 faeere,
876 1107 1005 1185 efficere,
1032 1126 1092 1188 quo
1117 1107 1291 1174 innumere

244 1220 293 1280 est
330 1217 472 1278 τιθέναι.
533 1200 629 1294 Quae'
665 1218 770 1279 tamen
817 1215 920 1292 uerba,
964 1214 991 1278 si
1029 1233 1100 1278 eum
1137 1214 1291 1281 infinitivo

246 1322 417 1400 struuntur,
453 1341 511 1386 nen
550 1321 689 1386 datiuum
719 1340 866 1404 personae
902 1339 1006 1386 seeum
1038 1321 1151 1386 habere
1179 1322 1289 1402 solent,

244 1429 298 1494 sed
323 1428 545 1494 accusativum.
593 1428 631 1493 ef.
652 1430 730 1494 Hec.
756 1431 820 1494 357
846 1428 963 1515 πρῶτα
987 1431 1047 1510 μέν
1076 1452 1118 1510 με
1148 1421 1291 1510 τοῦνομα

244 1541 360 1598 θανεῖν
398 1533 472 1621 ἐρᾶν
501 1539 643 1621 τίθησιν.
703 1536 825 1602 Herael.
857 1537 932 1601 990.
969 1531 1059 1621 ‘'Hper
1087 1559 1128 1617 με
1160 1533 1292 1618 κάμνειν

243 1636 332 1729 τήνδ’
353 1641 454 1729 ἔθηκε
478 1639 534 1729 τὴν
556 1640 660 1707 νόσον.
707 1643 819 1708 Bacch.
843 1644 917 1708 301.
951 1643 1035 1708 Med.
1050 1647 1125 1708 718.
1150 1645 1220 1710 Jon.
1237 1649 1289 1708 75.

244 1750 293 1814 ul.
317 1750 412 1814 1304.
450 1749 560 1834 fragm.
595 1751 669 1828 645,
709 1753 804 1816 1061.
859 1751 993 1816 Dativus
1028 1770 1098 1815 eum
1133 1750 1186 1814 inf.
1221 1753 1294 1834 pest

248 1859 381 1920 τιθέναι
403 1857 559 1922 rarissime
584 1857 747 1936 invenitur,
777 1857 831 1922 sed
854 1858 1008 1922 invenitur
1038 1862 1151 1923 tamen.
1200 1858 1294 1940 Apud

245 1964 425 2047 Euripidem
461 1965 565 2047 ipsum
599 1964 691 2047 huJus
729 1965 902 2029 structurae
950 1965 1123 2048 exemplum
1164 1965 1291 2049 legitur,

245 2071 326 2151 qued
350 2073 490 2137 nestrum
511 2072 614 2136 lecum
637 2071 712 2136 satis
734 2071 881 2136 defendit.
929 2072 1020 2136 Here.
1046 2073 1111 2136 221

385 2190 420 2273 ὃς
444 2192 491 2272 εἷς
511 2192 667 2260 Μινύαισι
690 2196 774 2259 πᾶσι
800 2191 853 2259 διὰ
875 2193 982 2282 μάχης
1002 2191 1112 2277 μολὼν

386 2300 504 2388 θήβαις
525 2300 645 2389 ἔθηκεν
671 2294 748 2385 ὔμμ’
774 2300 950 2390 ἐλεύθερον
974 2303 1117 2386 βλέπειν.

247 2426 352 2508 Atque
373 2429 409 2492 ut
434 2427 542 2492 eadem
567 2429 735 2510 structura¹
755 2432 862 2493 nestro
892 2429 959 2494 loce
984 2429 1131 2506 uteretur,
1162 2427 1293 2494 sortasse

246 2534 313 2615 ipse
333 2533 505 2598 infinitivus
531 2545 712 2620 σωφρονεῖν
742 2534 865 2617 poetam
901 2534 1037 2599 adduxit.
1087 2534 1184 2619 Saepe
1212 2537 1294 2601 enim

248 2639 367 2718 Graeci,
394 2642 419 2705 si
441 2642 594 2706 astionem
616 2641 700 2706 medi
733 2642 858 2725 gerendi
882 2643 981 2727 magis
1015 2662 1107 2724 quam
1137 2644 1293 2710 notionem

249 2748 416 2830 exprimere
443 2749 558 2827 velunt,
584 2749 773 2814 infinitivum
803 2761 984 2836 σωφρονεῖν
1015 2769 1069 2832 pre
1100 2751 1293 2818 substantivo

249 2857 375 2937 ponunt.
424 2857 632 2924 ef.Eu1·.Ei.
659 2860 733 2935 923,
760 2857 826 2939 iph.
853 2858 925 2922 Aul.
953 2860 1027 2922 825.
1075 2859 1168 2941 Hipp.
1195 2861 1292 2925 1034.

250 2961 343 3046 Seph.
366 2963 416 3047 Aj.
443 2964 539 3029 1243.
590 2965 697 3044 ltaque
723 2964 754 3028 et
776 2965 910 3029 Nauekii
945 2965 1119 3047 eenjeetura
1143 2963 1240 3052 φήσει
1264 2967 1295 3031 et

248 3069 383 3153 Tymelli
406 3067 510 3156 ἐνήσει
533 3090 588 3136 nes
608 3090 712 3136 carere
733 3090 823 3154 pesse
848 3071 998 3136 existimo.

341 3214 437 3278 1070.
488 3211 606 3278 Chorus
628 3213 665 3278 de
687 3214 742 3278 Ida
762 3217 867 3278 mente
891 3213 961 3278 inde
985 3234 1004 3278 a
1026 3234 1055 3280 ν.
1085 3216 1189 3280 1067:

383 3330 482 3401 Ἰὃαῐά
503 3360 549 3417 τε,
573 3338 683 3419 inquit,
709 3331 808 3402 Ἰὃαῖα
832 3336 1015 3425 κισσοφόρα
1037 3335 1125 3425 νάπη

383 3443 467 3528 χιόνι
491 3443 658 3533 κατάρυτα
681 3449 832 3531 ποταμίᾳ
977 3451 981 3458 ’

384 3551 523 3639 τέρμονα
547 3577 583 3618 τε
606 3550 820 3641 πρωτόβολον
841 3548 923 3639 άλίιμ

384 3657 443 3724 τάν
467 3661 767 3744 καταλαμπομέναν
788 3661 914 3741 ζαθέαν
936 3659 1118 3748 θεράπναν.

251 3786 457 3869 Partieipium
481 3787 788 3869 καταλαμπομέναν,
822 3788 881 3852 etsi
912 3788 1005 3852 etiam
1035 3787 1066 3851 in
1090 3787 1159 3853 Jon.
1197 3806 1225 3852 v.
1252 3790 1294 3852 87

251 3895 288 3959 de
312 3893 470 3959 mentibus
495 3896 558 3960 sule
581 3894 749 3960 illustratis
768 3896 945 3978 usurpatur,
970 3895 1029 3960 hee
1052 3895 1121 3959 loeo
1146 3894 1294 3978 languere

250 4002 332 4071 reete
355 4003 549 4086 perspexisse
573 4004 664 4069 erede
686 4003 909 4088 Musgravium.
956 4002 1079 4072 Etenim
1094 4001 1168 4068 Idae
1191 4001 1292 4070 menti
