3060 4574
662 339 882 401 -45-

259 528 458 593 hauddubie
483 527 656 593 aberravit:
691 547 753 609 qua
785 527 962 611 conjectura
990 528 1037 592 vis
1062 528 1127 610 ejus
1151 528 1306 593 enuntiati

259 635 342 714 quod
366 635 475 718 incipit
499 635 536 698 ab
562 631 687 720 ἐχρήσω
704 627 732 698 δ’
757 633 849 698 nimis
865 633 1052 719 infringitur,
1078 653 1207 716 puerum
1224 636 1304 699 enim

257 742 295 806 iis
320 743 413 808 robus
437 761 514 823 quas
538 761 577 807 ne
601 742 687 807 novit
711 742 836 822 quidem
852 761 943 806 usum
959 761 1020 805 non
1038 761 1105 806 osse
1124 762 1180 806 sna
1195 746 1305 824 sponte

258 849 395 932 apparet.
442 850 508 914 Nec
529 850 629 934 magis
663 850 736 913 seni
760 849 865 931 potest
895 848 975 929 quod
999 850 1109 914 Munro
1141 851 1305 933 proposuit

258 957 312 1020 νῦν
337 949 365 1020 rl’
391 948 462 1019 αἴτ’
494 953 572 1019 lrlnlv
602 957 662 1038 μὲν
693 952 786 1041 γνούς
819 979 854 1018 τε
885 952 926 1019 σὰ
960 956 1059 1040 ψυχῇ,
1094 960 1214 1036 τέκνον,
1247 949 1304 1020 οὐκ

261 1053 349 1150 ἧσθ’,
374 1089 402 1127 κ.
424 1088 453 1126 τ.
474 1063 513 1144 λ.,
547 1083 608 1144 qua
636 1065 821 1148 conjectura,
854 1065 976 1128 etiamsi
1006 1060 1046 1126 σὰ
1082 1083 1137 1146 pro
1164 1060 1205 1126 σὰ
1228 1055 1305 1127 ὄντα

261 1175 292 1236 et
316 1167 396 1234 εἶναι
420 1190 490 1236 cum
514 1171 631 1253 duplici
661 1171 823 1254 participio
855 1171 1013 1249 ferremus,
1038 1175 1143 1234 tamen
1179 1173 1210 1235 ct
1237 1173 1305 1254 ipsa

259 1277 403 1356 officitur,
450 1279 486 1343 ut
516 1277 649 1342 alterum
683 1279 876 1343 enuntiatum
911 1279 1108 1343 vehementer
1142 1278 1303 1344 claudicet.

261 1387 333 1468 lpsa
348 1386 502 1469 particula
520 1383 565 1465 δὲ,
587 1404 664 1465 quae
683 1383 806 1472 ἐχρήσω
823 1387 972 1468 sequitur,
991 1386 1201 1451 demonstrare
1217 1387 1304 1452 uida·

258 1495 318 1572 tur,
344 1494 382 1558 ab
406 1494 464 1557 hoc
480 1494 572 1559 verbo
588 1494 722 1558 alterum
736 1494 928 1558 enuntiatum
940 1495 1035 1576 priori
1059 1495 1236 1576 oppositum
1253 1495 1303 1558 in-

258 1601 371 1683 cipere.
418 1603 526 1681 ltaque
551 1621 612 1666 non
637 1602 754 1680 dubito,
779 1602 852 1681 quin
874 1602 938 1666 illis
967 1601 1041 1666 viris
1073 1602 1187 1666 rectius
1222 1602 1304 1666 Har-

257 1709 383 1790 tungius
407 1709 611 1792 perspexerit,
637 1709 748 1774 vitium
773 1709 873 1773 solum
897 1709 1000 1773 inesse
1023 1709 1057 1772 in
1079 1709 1168 1773 initio
1198 1728 1304 1773 versus

262 1815 359 1881 1172.
408 1815 462 1880 Sin
485 1816 588 1881 autem
605 1817 729 1900 conjicit
754 1809 914 1896 oevorce',
938 1816 1037 1880 facere
1053 1835 1114 1880 non
1130 1835 1303 1898 possumus,

263 1924 336 2006 quin
353 1943 422 1988 cum
438 1924 496 1988 hoc
515 1927 605 1989 verbo
621 1925 785 2008 participia
806 1925 1039 2007 conpingamus,
1066 1941 1127 2005 quo
1144 1924 1181 1986 lit
1197 1942 1314 1989 sensus-

258 2031 389 2115 ineptus,
414 2032 558 2113 quoniam
583 2031 619 2094 de
644 2033 766 2096 mortuo
797 2031 920 2095 homino
951 2031 1068 2113 agitur.
1116 2029 1303 2109 Dindorfius,
1393 2025 1397 2034 '

259 2139 314 2218 qni
359 2139 418 2202 hoo
452 2141 536 2203 recte
584 2141 698 2215 monet,
742 2138 863 2201 mavult
897 2137 1108 2220 Hartungium
1147 2137 1307 2218 scripsisse

261 2238 425 2325 astrorub',
466 2244 499 2308 irl
534 2244 658 2326 quidem
692 2245 775 2308 recte
810 2245 954 2320 sentiens,
992 2246 1120 2308 verbum
1156 2243 1307 2308 sentiendi
1359 2285 1362 2298 .

258 2352 307 2416 vel
331 2352 442 2416 similis
467 2351 702 2436 significationis
735 2353 799 2417 sino
830 2350 965 2436 negandi
995 2351 1148 2434 particula
1180 2351 1304 2432 requiri.

259 2459 344 2538 Quae
368 2460 523 2524 sententia
546 2479 582 2523 eo
612 2460 820 2538 confirmatur,
858 2459 940 2539 quod
964 2460 1110 2524 Hecubae
1146 2458 1205 2523 boc
1237 2458 1305 2522 loeo

259 2587 317 2632 non
338 2568 490 2632 interesse
520 2568 633 2649 potest,
672 2568 823 2650 puerilem
856 2568 991 2632 aetatem
1025 2566 1236 2650 Astyanactis,
1273 2565 1305 2629 in

258 2693 318 2755 qno
361 2676 461 2740 omnis
506 2693 577 2757 spes
633 2675 742 2756 Trojae
789 2673 893 2755 posita
938 2677 1016 2750 erat,
1078 2673 1195 2737 efferre.
1245 2670 1306 2736 Sed

257 2801 312 2864 pro
335 2774 501 2860 adrorcb',
538 2779 620 2862 quod
654 2799 672 2844 a
709 2781 824 2844 tradita
860 2780 1013 2862 scriptura
1048 2779 1139 2842 nimis
1173 2778 1301 2856 recedit,

260 2889 409 2972 cujusque
424 2890 546 2970 tempus
563 2886 784 2952 sententiarum
800 2887 894 2951 nexui
910 2887 1011 2950 minus
1035 2885 1303 2950 accommodatum

258 2997 314 3074 est,
352 3014 522 3080 proponam
556 2991 696 3070 ἐπόθεις
731 2993 1001 3073 „desideravisti“,
1038 2992 1120 3075 qued
1149 2993 1241 3057 facile
1274 2992 1306 3056 in

261 3095 318 3166 ola
344 3097 435 3166 οἶσθ’
459 3103 590 3168 transire
613 3103 726 3186 potuit.

347 3230 375 3275 v.
417 3213 512 3274 1188.
568 3211 604 3274 ln
640 3211 747 3275 eadem
783 3209 929 3274 Hecubae
971 3205 1192 3272 lamentatione
1228 3207 1306 3271 alter

258 3319 359 3382 exstat
382 3318 469 3383 locus
493 3318 627 3384 nondum
659 3319 796 3383 sanatus.
844 3317 1017 3398 Postquam
1053 3314 1133 3378 enim
1170 3333 1306 3380 comme-

255 3425 397 3504 moravit,
420 3427 536 3506 quanto
561 3443 663 3489 amora
689 3425 848 3509 Astyanax
869 3441 936 3489 seso
961 3421 1141 3504 complexus
1166 3422 1217 3501 sit,
1253 3442 1304 3488 ex-

255 3531 386 3596 clamat:

393 3630 672 3720 rrl'pror.·1rlrrrll.l'
697 3629 896 3716 ἀσπάσμαθ’
921 3633 958 3698 ul'
979 3629 1008 3697 τ’
1034 3632 1108 3716 ἐμαὶ
1133 3637 1255 3723 «τροφαὶ

393 3741 487 3810 ll‘ruct
510 3737 539 3808 τ’
565 3741 682 3808 luriunt
706 3741 833 3830 φροῦδά
855 3767 922 3825 μοι,
946 3765 974 3806 κ.
996 3767 1024 3806 r.
1049 3743 1077 3806 λ.

256 3853 290 3916 ln
306 3871 367 3934 qrra
383 3853 603 3918 exclamatione
618 3853 711 3918 uerba
727 3845 820 3916 {lavor
838 3845 863 3915 ι’
882 3849 999 3916 ἐκεῖνοι
1020 3848 1168 3932 nequead
1186 3848 1302 3933 Astya-

256 3961 380 4026 nactem
406 3978 506 4042 neque
521 3959 561 4026 ad
574 3961 734 4026 Hecubam
752 3963 823 4042 apte
836 3959 990 4044 portinere
1002 3961 1145 4042 possunt.
1186 3957 1303 4040 Astya-
