3060 4574
671 320 870 394 „p-

251 506 420 608 ideutidem
442 519 576 602 repetita
596 521 647 585 hic
669 519 735 584 illio
758 519 826 585 leci.
874 519 920 584 Ao
935 519 1071 602 primum
1091 518 1217 601 quidem
1241 537 1295 584 crr-

252 637 376 710 ponam,
413 646 491 706 quae
521 628 602 692 ratio
636 626 810 693 intercedat
844 627 925 692 inter
956 628 1072 694 scholia
1102 626 1134 691 et
1164 625 1294 704 codices,

256 733 367 799 deinde
390 735 565 816 complures
589 735 673 800 locos
695 735 820 818 majoris
843 735 992 800 momenti
1009 734 1203 812 enumerabo,
1229 733 1297 815 qui-

252 844 309 906 bus
330 842 467 907 Palatini
489 842 582 907 lectio
605 842 718 926 injuria
740 842 884 922 neglecta
905 842 1057 921 videatur,
1078 842 1234 925 postremo
1259 838 1296 904 de

254 948 387 1034 singulis
411 950 488 1014 locis
512 949 687 1032 conjectura
710 969 765 1014 seu
788 949 916 1016 tentatis
940 969 994 1015 seu
1005 949 1160 1014 tentandis
1184 947 1295 1012 dicam.

599 1139 730 1223 Caput
759 1141 943 1223 primum.

344 1266 516 1348 Postquam
537 1264 726 1330 Bartholdus
750 1266 781 1329 in
806 1265 1031 1343 dissertatione,
1058 1284 1149 1348 quam
1173 1267 1299 1350 scripsit

253 1373 291 1442 de
327 1374 514 1439 scholiorum
548 1373 580 1437 in
610 1372 791 1455 Euripidem
824 1375 964 1438 veterum
997 1374 1145 1453 fontibus,
1181 1376 1298 1459 majora

252 1484 379 1548 molitus
421 1502 513 1565 qnam
550 1481 672 1560 assequi
704 1482 829 1562 poterat
871 1481 993 1566 singula
1041 1483 1159 1548 scholia
1205 1483 1297 1547 certis

252 1591 430 1657 auctoribus
452 1609 507 1673 per
531 1591 665 1654 stemma
685 1586 844 1671 dispositis
870 1589 1022 1656 vindicare
1044 1590 1159 1656 frustra
1174 1591 1298 1656 labora-

251 1699 306 1778 vit,
331 1699 456 1764 initium
483 1696 521 1762 de
544 1696 669 1762 scholiis
691 1696 869 1778 Euripideis
892 1697 1006 1762 certius
1031 1697 1149 1779 aliquid
1174 1701 1206 1763 ot
1225 1716 1297 1781 pro·

254 1806 410 1872 habilibus
437 1806 538 1870 causis
563 1803 721 1868 firmatum
746 1803 873 1869 eruendi
890 1804 1146 1869 Wilamowitzius
1168 1805 1244 1870 tecit
1266 1806 1298 1869 in

256 1913 521 1997 disputatiuncula
543 1911 580 1977 de
605 1911 700 1976 Rhesi
732 1911 857 1976 scholiis
891 1911 1005 1996 (progr.
1038 1912 1122 1977 acad.
1147 1912 1299 1998 Gryphia-

255 2023 345 2088 nald.
371 2041 398 2086 a.
429 2023 510 2085 1877
545 2018 617 2103 ed),
654 2019 685 2082 in
721 2037 783 2100 qua
818 2018 849 2082 et
878 2020 985 2083 vetera
1020 2019 1173 2084 elementa
1204 2019 1300 2085 Rhesi

256 2131 442 2196 scholiorum
467 2147 485 2193 a
504 2128 673 2192 recentiore
695 2127 876 2209 paraphrasi
896 2127 1028 2192 secrevit
1056 2130 1089 2193 et
1108 2127 1187 2192 hano
1209 2147 1299 2210 parc-

255 2238 382 2322 phrasin
397 2238 469 2320 post
483 2234 710 2318 separationem
734 2233 874 2300 codicum
894 2234 1082 2300 familiarum
1097 2234 1211 2300 iactam
1232 2255 1299 2300 esse

257 2344 480 2409 demonstravit

345 2451 407 2515 Hic
429 2451 495 2532 ipse
519 2449 614 2514 Rhesi
638 2450 875 2516 commentarius
901 2469 935 2515 ex
964 2448 1138 2532 Euripideis
1174 2447 1299 2514 scholiis

256 2559 388 2624 maxime
411 2558 541 2622 idoneus
565 2559 622 2634 est,
649 2575 779 2638 quocum
806 2557 963 2622 Troadum
987 2557 1188 2640 comparetur,
1221 2576 1299 2637 quae

257 2685 307 2731 res
326 2665 391 2748 jam
415 2664 485 2728 inde
507 2665 643 2747 apparot,
669 2664 752 2743 quod
774 2665 826 2730 hic
845 2666 952 2731 eodem
975 2665 1067 2730 modo
1093 2663 1181 2729 exilis
1206 2668 1299 2744 atqua
1385 2653 1388 2659 ’

259 2772 438 2838 decurtatus
462 2770 502 2836 ad
531 2771 639 2835 nostra
659 2774 798 2854 tempora
831 2774 981 2856 pervenit.
1030 2771 1214 2853 Quanquam
1243 2773 1299 2837 hos

258 2880 493 2943 commentarios
515 2897 551 2942 ex
566 2876 674 2944 eodem
690 2877 773 2944 fonto
789 2879 923 2957 fluxisse,
949 2880 1158 2944 Wilamonitz
1174 2883 1302 2963 proptor

258 2986 494 3067 discrepantiam
526 2987 699 3063 verborum,
730 2986 843 3066 quibus
872 2984 1073 3065 paraphrases
1102 2984 1299 3067 inducuntur,

258 3111 313 3157 suo
345 3093 415 3176 jure
446 3093 548 3176 negat.
595 3093 677 3156 Nam
711 3091 808 3155 Rhesi
844 3091 1048 3173 paraphrasin
1084 3111 1204 3177 semper
1236 3095 1299 3160 iere

257 3199 358 3266 utitur
380 3199 482 3264 verbis
521 3203 619 3285 φησιν
648 3197 698 3262 vel
730 3193 768 3260 τὸ
792 3190 876 3282 ἑξῆς,
901 3199 996 3262 semel
1020 3201 1143 3266 tantum
1166 3199 1205 3266 τὸ
1228 3196 1301 3288 ἑξῆς

262 3306 321 3370 τοῦ
338 3302 404 3371 etii
426 3303 461 3370 dh
482 3304 569 3392 λέγει
592 3303 742 3370 τοιοῦτόν
759 3298 855 3385 ἔστιν,
879 3321 1037 3387 nunquam
1061 3327 1133 3374 vero
1157 3310 1259 3375 verbis
1285 3302 1302 3374 ὁ

258 3413 342 3494 νοῦς,
361 3408 378 3477 ὁ
398 3411 494 3500 λόγος
510 3413 560 3479 vel
579 3408 598 3501 ἡ
615 3411 776 3492 σύνταξις,
801 3431 878 3494 quae
896 3414 1077 3496 saepissime
1097 3417 1127 3481 in
1144 3418 1299 3482 veteribus

262 3521 388 3587 Pindari
414 3521 539 3587 scholiis
553 3521 753 3605 paraphrasin
776 3519 942 3600 inducunt;
967 3525 1074 3588 eontra
1096 3524 1128 3587 in
1144 3524 1298 3589 Troadum

259 3627 392 3706 scholiis,
430 3630 488 3693 etsi
515 3627 652 3694 formula
675 3621 694 3714 ἡ
720 3625 869 3708 σύνταξις
892 3647 930 3693 ne
957 3629 1008 3694 hic
1027 3630 1151 3711 quidem
1173 3632 1298 3716 legitur,

259 3736 363 3800 tamen
392 3728 527 3820 ὁλόγος
557 3735 673 3820 legitur
703 3734 743 3800 ad
771 3753 815 3800 vs.
845 3737 911 3800 220
935 3739 968 3801 et
999 3739 1074 3815 435,
1107 3731 1181 3801 ὁδὲ
1204 3736 1299 3823 λόγος

259 3841 297 3907 ad
321 3860 365 3908 vs.
391 3844 433 3906 99
457 3844 489 3908 ot
518 3845 591 3922 117,
626 3837 643 3908 ὁ
667 3838 702 3906 δὲ
723 3842 798 3919 νοῦς
820 3843 969 3919 τοιοῦτος
993 3844 1084 3910 adv.
1111 3848 1184 3924 122,
1223 3839 1239 3909 ὁ
1264 3843 1299 3910 δὲ

258 3947 333 4024 νοῦς
379 3940 484 4026 οὕτως
530 3949 569 4016 ad
615 3970 644 4018 v.
682 3951 758 4018 988.
804 3949 967 4018 Elementa
1004 3952 1107 4018 tamen
1139 3952 1299 4034 uniusque
