3060 4574
588 317 811 432 ss-m-

184 560 244 626 lroc
274 559 516 642 corruptelarum
552 578 664 646 genere
695 559 735 625 el.
759 559 952 638 Heimsoeth,
984 557 1125 624 kritt
1089 557 1178 627 sumu
1204 560 1228 639 Ι,

185 687 215 750 p.
240 671 315 733 269.

277 778 350 843 319.
391 774 549 842 Casandra
582 775 708 857 nuptias
757 793 830 840 suas
881 773 1018 840 celebrat
1003 777 1074 838 tura
1124 777 1197 838 cant
1182 773 1231 838 tat

186 881 261 947 inde
285 901 303 947 a
323 885 402 950 315:
995 863 998 870 ⁵

322 986 396 1055 ἐπεὶ
419 987 468 1071 σύ,
492 989 606 1075 μᾶτερ,
634 985 691 1053 ἐπὶ
714 985 848 1074 δάκρυσι
872 989 928 1052 καὶ

320 1095 425 1181 γόοισι
443 1093 499 1160 τὸν
523 1093 669 1160 θανόντα
689 1097 818 1180 πατέρα
841 1095 986 1182 πατρίδα
1009 1119 1045 1158 τε

320 1205 418 1291 φίλαν
438 1197 668 1270 rocraoarraevovo³
692 1201 787 1284 ἔχεις,

321 1308 384 1396 ἐγώ
408 1304 437 1376 δ’
463 1309 520 1376 ἐπὶ
544 1308 661 1397 γάμοις
683 1307 776 1393 ἐμοῖς

320 1412 493 1506 ἀναφλέγω
519 1416 624 1506 πυρὸς
658 1419 739 1505 φῶς.
795 1415 859 1503 ἐγὼ
882 1410 911 1482 δ’
932 1419 967 1497 Ρ,
1004 1414 1068 1502 ἐγὼ
1087 1409 1156 1482 τόδ’
1191 1417 1229 1482 V.

189 1521 253 1609 ἐγώ
277 1518 356 1607 τόδ’,
381 1527 408 1592 si
431 1528 463 1592 in
485 1527 696 1610 antistrophae
726 1545 817 1591 versu
841 1527 905 1592 335
937 1526 1017 1591 ninii
1039 1524 1232 1608 probabilem

187 1631 395 1715 conjecturam
427 1634 527 1718 βοᾶτε
557 1631 613 1698 τὸν
644 1627 794 1715 ὑμέναιον
821 1623 857 1696 εὗ
887 1633 1065 1715 accipimus
1097 1633 1233 1698 numeris

189 1738 314 1819 sufficit,
340 1760 410 1806 cum
433 1741 570 1806 Palatini
589 1741 683 1806 lectio
707 1741 752 1805 sic
774 1758 897 1822 quoque
921 1759 983 1804 una
999 1740 1119 1824 syllaba
1133 1740 1233 1805 mino·

189 1865 255 1912 rem
291 1847 401 1912 reddat
433 1867 556 1914 versum
586 1847 668 1913 319.Ι
710 1847 772 1913 Sed
799 1851 905 1912 tamen
931 1847 1012 1912 hunc
1039 1847 1153 1912 librum
1183 1866 1233 1911 re-

190 1952 303 2035 liquias
326 1973 416 2021 verae
438 1955 580 2020 lectionis
604 1973 742 2020 semesae
763 1959 849 2037 puto.
883 1952 1128 2020 Consentaneum
1152 1955 1233 2019 enim

192 2061 249 2139 est
274 2059 464 2128 Casandram
488 2062 644 2144 seipsam
668 2063 771 2140 matri,
805 2080 884 2143 quac
905 2062 1069 2127 lacrimare
1091 2080 1152 2126 non
1178 2061 1232 2126 de·

188 2167 271 2246 sinit,
305 2169 427 2235 fortiter
450 2189 612 2253 opponere.
660 2168 750 2248 Quod
779 2167 868 2247 faeie,
898 2169 926 2234 si
957 2187 1028 2234 cum
1056 2167 1232 2233 Hermanno

188 2274 280 2360 (disp.
303 2276 341 2341 de
363 2277 521 2342 nonnullis
545 2275 703 2342 Troadum
727 2275 803 2340 locis
823 2295 853 2357 p.
883 2277 916 2360 7)
948 2275 1082 2360 legimus
1111 2271 1174 2359 ἐγὼ
1196 2273 1233 2338 δέ

186 2374 215 2465 y'
247 2379 314 2463 ἐπὶ,
347 2403 439 2466 quam
474 2384 683 2468 conjecturam
716 2381 895 2448 Dindorfius
927 2382 1038 2448 merito
1075 2382 1106 2446 in
1144 2383 1232 2448 textu

185 2490 299 2572 posuit.
345 2491 480 2557 Mutatio
508 2492 542 2555 in
565 2491 604 2568 V,
636 2491 664 2554 si
685 2508 744 2554 non
777 2507 814 2555 en
842 2489 1051 2574 dittographia
1077 2491 1144 2554 orta
1173 2490 1231 2569 est,

186 2594 269 2662 facta
291 2598 503 2666 videturesse
525 2597 695 2676 alibrario
723 2597 776 2679 qui
798 2596 835 2660 δέ
856 2597 1004 2680 apodesin
1021 2597 1155 2679 incipere
1170 2615 1232 2661 non

186 2722 276 2784 posse
300 2707 435 2788 putavit.
474 2705 537 2771 Sed
548 2705 743 2770 Hermaonus
765 2704 813 2770 ad.
837 2704 909 2788 vig.
924 2723 954 2786 p.
970 2705 1034 2770 785
1057 2703 1232 2782 „usitatum

188 2809 317 2878 Graecis
341 2814 399 2891 cst,
421 2812 532 2893 inquit,
557 2815 631 2894 post
653 2811 817 2894 plerasque
847 2811 1016 2892 particulas
1046 2809 1233 2891 temporales

187 2917 219 2982 in
243 2920 344 3002 iisque
366 2919 500 2985 maxime
523 2923 597 3002 post
621 2914 705 2999 ἐπει,
739 2937 794 3001 per
821 2917 1027 2982 anacoluthon
1057 2915 1169 2981 intona
1201 2916 1231 2980 in

187 3025 314 3108 apodcsi
337 3026 523 3110 particulam
542 3025 611 3090 6έ.“
657 3025 761 3091 Unum
785 3024 963 3107 exemplum
986 3024 1130 3089 attulisse
1155 3023 1233 3090 satis

186 3132 300 3199 habeo:
336 3133 429 3216 Soph.
466 3132 542 3198 Oed.
575 3134 652 3217 Reg.
688 3153 717 3199 v.
758 3135 844 3200 1266
875 3129 950 3197 ἐπεὶ
986 3131 1022 3196 δὲ
1054 3131 1093 3217 γῇ
1127 3129 1233 3196 ἔκειτο

187 3238 327 3326 τλήμων,
347 3236 436 3304 δεινὰ
460 3233 489 3303 δ’
511 3229 718 3325 ἧντᾶνθένιῗ
742 3235 829 3325 ὁρᾶν.
870 3240 913 3305 ib.
937 3260 967 3305 v.
987 3241 1062 3318 302,
1088 3239 1142 3303 lubi
1163 3237 1233 3304 vide

187 3347 360 3414 Wolffium.
408 3348 586 3414 Particulas
618 3349 722 3414 autem
752 3344 789 3412 δέ
816 3369 851 3432 γε
882 3365 946 3412 non
977 3365 1045 3412 raro
1088 3346 1234 3430 conjungi
1329 3331 1333 3342 ’

187 3456 319 3521 conant.
353 3453 391 3520 el.
415 3455 486 3522 Jon.
512 3458 587 3522 368.
635 3455 748 3522 Aescu.
781 3453 917 3538 choeph.
944 3455 1007 3518 921
1032 3452 1099 3538 (1)),
1125 3451 1233 3536 Suppl.

189 3565 265 3628 746.

277 3671 354 3735 442.
392 3668 456 3748 ζῶν
484 3659 544 3732 elo’
575 3664 608 3742 ἐς
636 3661 815 3732 ’Ἀιδουᾘ
875 3659 1043 3751 ἒςἎιόην
1070 3667 1109 3731 V.
1157 3664 1235 3731 Cum

190 3771 223 3852 ἐς
254 3769 365 3862 (Ἅιδην
400 3776 476 3842 alibi
506 3776 575 3840 tant
560 3779 629 3840 tum
662 3775 696 3840 iu
735 3775 864 3840 canticis
899 3773 1073 3838 inveniatur
1111 3772 1232 3856 (Suppl.

191 3885 269 3958 797,
294 3883 390 3962 1004,
407 3883 478 3950 Jon.
498 3884 594 3948 1496.
627 3881 720 3948 Hera.
741 3884 816 3960 736,
838 3879 932 3962 Hipp.
953 3880 1062 3966 1366),
1087 3880 1234 3964 majorem

189 3987 283 4056 tidem
308 3989 493 4056 habebimus
515 3988 642 4056 lectioni
664 3987 810 4066 Palatini,
844 4003 923 4070 quae
955 3985 1032 4054 fides
1065 4005 1099 4052 eo
1124 3985 1235 4052 confir-

1114 4105 1131 4158 2
