3060 4574
669 337 891 406 -3'6'-

266 529 330 617 est;
362 533 529 598 Hectorine
564 533 657 597 fidem
695 553 823 612 servem,
861 553 897 598 an
925 552 1038 598 novum
1064 533 1212 597 maritum
1244 553 1310 597 am-

264 639 407 725 plecter?
454 660 584 722 quorum
605 641 641 706 ut
670 641 749 705 illud
781 641 903 718 faciam,
940 659 1041 706 mores
1077 641 1138 704 mei
1167 660 1216 706 me
1250 641 1311 705 im-

265 747 394 831 pellunt,
430 749 525 813 timeo
561 748 673 826 tamen,
716 767 752 811 ne
796 748 959 811 infirmitas
999 767 1068 812 mea
1109 747 1232 826 efficiat,
1276 747 1312 810 ut

265 855 412 920 Hectoris
447 855 625 922 obliviscar:
661 873 838 937 quanquam
873 875 910 920 ne
949 874 1046 936 equus
1084 855 1210 937 quidem
1246 855 1311 938 ejus

266 964 346 1044 equi,
371 981 503 1045 quocum
527 953 673 1041 adolevit,
704 961 796 1027 facile
822 962 1053 1028 obliviscetur“.
1103 963 1193 1027 Hanc
1216 962 1310 1026 ratio-

266 1070 464 1148 cinationem,
497 1070 529 1133 iu
554 1088 614 1152 qua
647 1070 813 1134 infirmitas
841 1071 1001 1135 muliebris
1033 1089 1103 1134 cum
1134 1070 1311 1155 cognitione

264 1179 343 1243 recti
365 1179 473 1257 certat,
496 1178 644 1261 Euripide
669 1197 737 1243 esse
762 1177 888 1262 dignam
912 1196 1001 1242 nemo
1024 1177 1139 1242 infitias
1163 1178 1230 1242 ibit.

357 1290 431 1350 745.
480 1285 695 1350 Andromacha
740 1285 892 1350 infaustas
925 1286 1049 1367 nuptias
1091 1285 1203 1367 quibus
1241 1304 1311 1348 curn

264 1394 399 1460 Hectore
418 1393 526 1476 juncta
549 1392 645 1458 fuerit
664 1397 774 1476 questu
878 1465 881 1470 ¹

401 1491 426 1564 ὦ
447 1500 574 1586 λέκτρα,
598 1501 709 1582 inquit,
730 1492 818 1580 τάμὰ
842 1498 983 1586 δυστυχῆ
1006 1523 1042 1561 τε
1066 1499 1121 1562 καὶ
1142 1496 1251 1584 γάμοι,

401 1603 450 1684 οἷς
470 1599 575 1694 ἦλθον
600 1605 647 1684 εἰς
670 1608 839 1694 μέλαθρον
857 1601 1014 1693 Ἕκτορός
1035 1627 1128 1670 ποτε.

265 1714 345 1780 (lum
367 1715 536 1798 particulae
569 1738 604 1778 τε
628 1716 683 1778 καὶ
710 1716 778 1780 tum
810 1715 932 1780 tanturn
964 1714 1040 1779 duas
1067 1715 1207 1779 notiones
1239 1733 1311 1780 oon-

264 1822 395 1906 jungere
419 1822 626 1906 intellegeret,
651 1822 678 1886 si
694 1823 770 1887 nihil
788 1822 871 1886 aliud
888 1823 1142 1904 interponeretur,
1168 1821 1313 1886 Reiskius

265 1952 301 1993 τε
326 1930 357 1993 in
382 1951 417 2014 γε
441 1931 585 1995 mutavit.
635 1927 697 1994 Sed
727 1929 758 1992 in
789 1929 848 2016 hac
883 1930 1038 2012 scriptura
1073 1930 1204 1993 alterum
1237 1930 1311 1994 aub-

268 2037 419 2103 stativum
442 2037 543 2120 magis
564 2037 660 2101 etiam
683 2037 812 2120 languet
834 2055 927 2116 quam
952 2036 983 2100 in
1007 2036 1147 2102 codicum
1169 2036 1311 2102 lectione.

264 2144 464 2209 Recentioreo
487 2144 586 2228 igitur
616 2144 715 2208 critici
747 2163 801 2227 pro
830 2141 929 2228 γάμοι
961 2142 1092 2208 alterum
1124 2143 1311 2227 adjectivum

264 2251 492 2334 quaesiverunt,
518 2251 600 2332 quod
624 2255 656 2316 et
679 2252 780 2334 ipsum
806 2251 845 2316 ad
868 2251 985 2337 λέκτρα
1008 2251 1182 2316 referretur.
1215 2251 1312 2316 Velut

264 2359 498 2423 Heimsoethius
522 2355 625 2443 ττικρά
641 2358 781 2441 conjecit.
830 2359 898 2423 Hoc
913 2360 961 2423 vel
980 2359 1080 2423 simile
1096 2358 1171 2438 quid
1185 2358 1310 2440 poetam

268 2466 401 2530 scribere
437 2465 576 2547 potuisse
610 2465 738 2528 minime
774 2466 903 2548 negabo,
940 2465 994 2529 sed
1030 2484 1100 2530 cum
1137 2465 1308 2548 conjunctio

267 2574 430 2637 verborum
456 2571 574 2656 λέκτρα
599 2570 630 2634 et
655 2567 754 2655 γάμοι
788 2575 899 2654 poetae
935 2572 1050 2636 usitata
1084 2572 1126 2637 sit
1160 2572 1212 2656 (of.
1237 2572 1307 2636 Jon.

268 2679 379 2766 1093),
408 2679 509 2744 nescio
532 2698 569 2742 un
595 2678 754 2760 scripserit
777 2677 944 2760 δυστυχεῖς
968 2671 997 2740 τ’
1024 2675 1097 2761 ἐμοὶ
1120 2676 1228 2764 γάμοι.
1267 2680 1307 2744 cf.

264 2787 360 2852 etiam
383 2788 430 2852 ul.
457 2789 499 2851 49
522 2783 645 2870 γάμους
669 2778 812 2873 ἀδελφῆς
837 2785 1014 2867 δυστυχεῖς.

354 2897 429 2960 826.
466 2893 585 2958 Chorus
610 2913 643 2958 se
667 2894 842 2959 carissimos
858 2894 1046 2977 propinquos
1062 2894 1203 2959 amisisse
1223 2894 1308 2959 hisce

263 3000 420 3084 deplorat:

397 3101 502 3194 ἠιόνες
522 3101 551 3170 δ’
573 3102 663 3171 titane

399 3212 503 3296 ἴαχον·
539 3210 608 3279 οἷον
630 3211 744 3289 οἰωνὸς

399 3315 482 3409 ὑπὲρ
507 3323 627 3385 τέκνων
650 3321 723 3406 βοᾷ,

396 3431 432 3493 οἳ
451 3428 511 3512 μὲν
531 3420 641 3515 άορας,
666 3429 702 3491 οἳ
725 3427 761 3491 δὲ
783 3426 917 3509 παῖδας,

396 3538 432 3600 αἳ
455 3536 490 3600 δὲ
512 3539 657 3623 ματέρας
680 3532 821 3622 γεραιάς.

261 3641 314 3708 Sic
338 3643 369 3706 in
393 3644 421 3706 V
445 3644 595 3727 scriptum
621 3643 682 3722 eot3
707 3643 732 3708 P
756 3662 811 3726 pro
836 3635 942 3728 ἠιόνες
966 3647 1023 3708 etc.
1048 3644 1176 3726 praebet
1202 3647 1307 3718 κίονες

259 3743 350 3812 ἅλιαι
371 3746 465 3829 ἰ’σχον
494 3754 527 3815 et
557 3770 612 3833 pro
647 3752 766 3813 τέκνων
789 3753 921 3814 τοκέων.
968 3753 1017 3816 Ex
1050 3755 1207 3834 postrema
1242 3751 1306 3816 dis-

262 3856 424 3939 crepantia
446 3857 656 3922 Kirchhoffius
674 3857 740 3942 Jam
764 3859 924 3937 conclusit,
945 3859 1018 3924 olim
1037 3859 1187 3942 scriptum
1211 3859 1306 3924 luisse

259 3966 394 4043 τεκέων;
429 3964 550 4046 reliqua
577 3965 609 4029 in
634 3965 658 4028 P
683 3966 790 4048 aperto
824 3984 924 4030 errore
959 3966 1080 4031 mutata
1115 3967 1195 4032 sunt.
1244 3964 1306 4030 Sed
