3060 4574
654 359 881 422 ..33-

247 549 391 627 habebat,
413 568 507 630 prave
531 547 695 630 acceperit.
744 547 825 611 Nam
842 546 995 610 Helenam
1015 546 1046 609 in
1060 543 1213 629 judicium
1235 564 1293 610 non

248 656 368 720 venisse
392 656 515 737 passivo
540 674 631 719 sensu
655 673 714 718 non
734 653 836 718 minus
861 653 934 736 apte
959 652 1018 717 dici
1051 652 1164 734 petest,
1201 671 1294 735 quam

249 762 420 828 exercitum
452 762 554 827 active
585 780 693 845 sensu;
723 761 814 841 atque
845 760 1007 824 collocatio
1039 759 1123 823 vocis
1156 755 1294 845 στρατὸς

249 870 326 934 satis
351 868 514 953 significat,
552 867 631 932 illud
666 871 792 950 pe'etam
822 866 945 931 dixisse.
994 866 1032 930 cf.
1069 865 1163 930 etiam
1198 867 1292 950 Hipp.

249 979 314 1041 946
342 973 457 1061 ἐπειδή
485 968 514 1059 γ’
539 972 586 1050 εἰς
612 967 727 1056 μίασμ’
755 971 928 1061 ἐλήλυθας.
975 973 1045 1037 Jon.
1078 975 1143 1037 404
1172 965 1295 1059 ἀφίκου

249 1075 277 1146 δ’
301 1079 347 1157 εἰς
371 1083 536 1168 μέριμναν.
583 1082 625 1145 ib.
652 1081 727 1146 583.
753 1080 835 1144 Med.
864 1082 949 1146 1306
982 1072 1040 1143 οὐκ
1065 1073 1155 1144 οἶσθ’
1186 1077 1218 1144 οῖ
1240 1105 1294 1144 κα-

249 1190 313 1253 κῶν
337 1186 510 1274 ἐλήλυθας.
557 1188 673 1253 Phoen.
701 1190 775 1252 195.
803 1189 878 1253 879.

340 1297 415 1362 910.
454 1296 584 1362 Hecuba
608 1296 749 1360 Menelao
774 1293 811 1360 de
835 1293 956 1359 Helena
980 1293 1071 1358 dicit:

613 1402 784 1478 συντεθεὶς
807 1394 835 1465 δ’
861 1395 878 1465 ὁ
901 1402 969 1477 ιτᾶς
992 1398 1088 1486 λόγος

383 1520 490 1574 κτενεῖ
511 1534 559 1574 νιν
585 1503 689 1585 οὕτως
711 1503 793 1572 ὥστε
817 1507 975 1595 μηδαμῶς
997 1519 1121 1594 φυγεῖν.

338 1621 372 1683 In
393 1629 499 1682 κτενεῖ
522 1618 649 1683 offendit
663 1617 863 1682 Weckleinus
879 1616 910 1680 in
934 1615 1014 1680 stud.
1032 1635 1062 1698 p.
1077 1617 1154 1680 414.
1180 1615 1293 1691 Reots;

248 1746 320 1791 nam
344 1726 636 1804 acerbissimam,
667 1744 744 1806 quae
775 1723 967 1809 significatur
997 1723 1147 1788 vocabulo
1181 1715 1295 1802 οὕτως,

249 1853 308 1898 non
332 1834 433 1917 magis
456 1832 596 1915 impedit,
618 1851 656 1897 ne
672 1833 791 1898 Helena
808 1828 1295 1916 effugiatqua'mlenismoriendi

251 1941 343 2006 ratio.
407 1941 524 2005 Vereor
556 1939 662 2004 tamen
697 1943 734 2004 ut
768 1939 819 2001 W.
857 1938 1032 2022 conjectura
1066 1947 1153 2000 τενεῖ
1187 1937 1296 2020 poetae

249 2047 435 2131 scripturam
468 2046 651 2112 restituerit.
701 2044 829 2130 Semper
857 2047 939 2110 enim
969 2049 1084 2109 τείνειν
1108 2045 1173 2110 rim
1203 2044 1298 2110 habet

251 2155 409 2234 tendendi,
435 2156 628 2238 prosternere
653 2154 775 2220 tantum
795 2153 1000 2237 compositum
1025 2149 1175 2216 ἐκτείνειν
1199 2151 1296 2236 signi-

249 2263 331 2342 ficat,
356 2265 393 2328 ut
413 2263 496 2329 Med.
521 2264 597 2341 585,
623 2262 738 2328 Phoen.
768 2265 863 2327 1421.
911 2259 992 2326 Vide
1015 2259 1112 2344 igiter
1135 2278 1173 2322 ne
1193 2276 1296 2323 emen-

250 2370 386 2434 dandum
408 2369 449 2434 sit
470 2373 565 2433 θενεῖ
586 2393 634 2434 νιν
659 2394 687 2432 κ.
712 2394 741 2433 τ.
766 2369 794 2432 λ.

340 2479 415 2541 918.
462 2476 582 2540 Helena
609 2477 743 2541 Menelai
764 2477 944 2541 criminibus
979 2471 1167 2556 respondens
1203 2471 1296 2536 dicit:

386 2578 449 2667 ἐγὼ
470 2575 510 2664 δ’,
535 2576 556 2645 ἕν’
581 2575 609 2646 σ’
634 2577 728 2663 οἶμαι
752 2579 807 2646 διὰ
830 2580 934 2667 λόγων
955 2573 1032 2644 ἰόντ)
1058 2576 1138 2661 ἐμοῦ

384 2686 623 2777 κατηγορήσειν,
648 2682 813 2754 ἅντιθεῖσ
838 2683 1029 2775 ἀμείψομαι

284 2801 359 2866 918.
384 2810 455 2875 τοῖς
478 2808 565 2863 σοῖσι
587 2789 677 2879 τάμὰ
701 2799 755 2862 καὶ
779 2794 820 2862 τὰ
845 2791 874 2862 α’
897 2793 1086 2878 αἰτιάματα.

249 2909 367 2973 Versus
385 2909 450 2972 918
464 2906 670 2990 tautologiam
683 2907 828 2985 continet,
843 2925 913 2971 cum
929 2899 1103 2968 ἀντιθεῖσα
1116 2904 1148 2967 et
1160 2901 1297 2967 dativum

250 3026 321 3090 τοῖς
350 3025 437 3078 σοῖσι
461 3015 493 3080 et
515 3015 728 3080 accusativum
749 3011 790 3078 τὰ
809 3011 850 3077 σὰ
877 3030 981 3078 seeum
1003 3010 1125 3075 habeat.
1157 3009 1239 3073 Nam
1259 3027 1297 3072 ne

250 3121 390 3187 dativum
415 3120 583 3187 referamus
608 3122 648 3186 ad
670 3121 863 3186 enuntiatum
883 3119 1058 3196 relativum,
1092 3116 1174 3196 quod
1206 3135 1297 3199 prae·

249 3227 340 3308 cedit,
374 3247 435 3294 non
454 3227 546 3292 modo
570 3215 734 3293 verborum
767 3227 967 3294 collocatione
999 3225 1206 3309 prohibemur,
1243 3224 1321 3314 sod·

250 3337 345 3402 etiam
369 3336 530 3414 sententia,
561 3336 706 3415 quoniam
728 3337 812 3402 notio
835 3334 1023 3418 pronominis
1042 3331 1210 3415 possessivi
1229 3330 1298 3414 jam

248 3445 279 3508 in
302 3445 372 3526 ipsa
394 3444 450 3508 illa
478 3444 631 3509 sententia
651 3444 787 3511 relativo
816 3442 998 3509 continetur.
1046 3439 1187 3518 Accedit,
1214 3437 1298 3520 quod

253 3551 413 3615 elisionem
435 3551 624 3634 pronominis
651 3548 701 3631 σὰ,
726 3551 808 3633 qued
823 3550 995 3635 pronomini
1011 3547 1131 3634 primae
1148 3565 1297 3630 personae

249 3659 424 3743 opponitur,
458 3659 509 3725 vix
540 3659 678 3725 excusari
701 3659 815 3742 potest.
863 3660 971 3738 ltaque
994 3675 1175 3739 persuasum
1195 3656 1295 3745 teneo,

248 3769 354 3833 locum
377 3765 490 3832 vitium
507 3767 706 3832 contraxisse.
753 3767 863 3849 Neque
879 3765 958 3832 illud
981 3764 1098 3843 dubito,
1125 3763 1199 3846 quin
1215 3764 1297 3828 Her-

248 3877 407 3942 werdenus
437 3876 521 3940 reete
552 3875 744 3958 corruptelae
777 3874 881 3940 sedem
905 3874 936 3939 in
972 3873 1075 3938 verbis
1108 3872 1163 3935 καὶ
1194 3867 1235 3935 τὰ
1261 3866 1290 3935 o’

135 4069 138 4078 ,
249 3984 433 4076 quaesierit;
463 4002 536 4050 uam
563 3983 686 4048 dativus
720 3993 791 4062 τοῖς
820 3993 923 4046 σοῖσιν
954 3981 1114 4068 aptissime
1141 3980 1254 4062 pendet
1278 3999 1298 4050 a
