3060 4574
676 341 896 404 ..25-

265 527 316 611 (de
341 545 401 609 quo
418 527 661 610 corruptelarum
677 546 788 611 genere
806 526 845 591 cf.
863 526 1006 592 Piersoni
1026 527 1161 594 verisim.
1186 547 1215 610 p.
1230 530 1306 606 224,

263 635 382 699 Nauck.
409 633 491 698 stud.
513 635 553 714 ΙΙ,
578 654 609 715 p.
636 633 712 718 152)
734 634 810 698 mihi
832 633 959 715 quidem
980 633 1080 698 multo
1109 633 1308 699 verisimilius

264 741 387 806 videtur
412 760 506 823 quam
531 741 613 823 quod
635 741 834 806 Weckleinus
858 741 980 819 statuit,
1008 733 1123 816 ἀοιδὰς
1153 742 1308 825 glossema

264 867 331 912 esse
362 847 449 913 verbi
474 845 622 928 μούσαις,
654 847 699 912 ita
722 848 758 912 ut
779 866 886 912 versus
911 848 1090 912 scribendus
1113 848 1156 912 sit
1184 847 1309 929 μοὺσον

263 949 407 1030 διδόντες
435 949 570 1039 ὑστέραν
595 947 692 1039 ᾠδοῖς
714 954 849 1039 βροτῶν,
884 955 915 1018 in
941 974 1001 1037 qua
1021 955 1152 1020 lectione
1183 955 1309 1035 μοῦσαν

264 1055 399 1146 ὑστέραν
423 1054 521 1146 ᾠδοῖς
544 1080 599 1144 pro
622 1060 747 1142 μοῦσαν
775 1055 922 1147 ὑστέροις
946 1055 1044 1148 ᾠδοῖς
1066 1063 1178 1126 mirum
1211 1081 1308 1144 quan·

262 1169 331 1233 tum
362 1167 522 1250 displicet;
544 1187 615 1233 nam
638 1188 687 1234 res
711 1169 848 1234 canenda
865 1169 997 1253 (μοῦσα)
1017 1169 1084 1253 jam
1107 1170 1175 1234 tum
1197 1169 1306 1246 exstat,

263 1276 407 1340 canentes
429 1276 566 1358 posteris
591 1275 781 1359 temporibus
806 1276 948 1341 evadent.

356 1383 516 1448 Nauckiue
540 1403 556 1448 e
578 1383 756 1467 conjectura
781 1383 868 1448 dedit
891 1376 1060 1470 ἀφθίτους
1075 1383 1211 1470 βροτοῖο,
1236 1402 1308 1448 cum

262 1493 337 1554 ante
361 1490 391 1553 in
423 1489 503 1554 stud.
529 1510 600 1574 pag.
641 1493 703 1564 163
727 1490 857 1555 liberius
893 1491 986 1555 etiam
1019 1487 1157 1572 μούσοις
1192 1482 1308 1566 ἀοιδὰς

262 1590 439 1672 ἐνδιδόντες
464 1589 633 1682 ἀφθίτους
657 1597 847 1680 conjecisset.
897 1597 957 1662 Sed
978 1617 1036 1682 ego
1060 1597 1186 1677 quidem
1204 1597 1305 1676 crede,

260 1704 439 1768 Palatinum
464 1704 597 1768 formam
621 1703 744 1787 quidem
772 1705 891 1783 falsam,
916 1707 1034 1770 rectum
1051 1706 1154 1770 tamen
1172 1704 1306 1769 vocabu·

260 1811 326 1876 lum
348 1813 505 1894 praebere,
537 1811 737 1891 dativumque
762 1805 908 1898 ὑστέροις
923 1813 992 1896 jam
1021 1813 1052 1876 in
1081 1811 1196 1877 Aldina
1222 1813 1306 1877 reete

260 1921 433 1983 correctum
457 1937 536 1983 esse.
584 1918 622 1983 cf.
645 1917 752 2001 Suppl.
781 1921 865 1982 1225
892 1911 978 2003 ᾠδὰς
1001 1912 1164 2005 ὑστέροισι
1184 1916 1306 2004 θήσετε

261 2024 318 2090 Οδ.
346 2027 375 2104 8,
401 2027 467 2089 580
503 2022 556 2088 ἵνα
587 2014 641 2109 ᾗσι
671 2026 727 2090 καὶ
750 2021 970 2106 ἐσσομένοισιν
1005 2018 1109 2111 ἀοιδή.
1168 2025 1304 2108 Theogn.

261 2133 337 2198 251.
376 2133 507 2197 Theokr.
525 2132 596 2210 llll,
617 2135 667 2197 11.
701 2133 884 2216 Quanquam
899 2134 948 2200 his
965 2133 1145 2199 melioribus
1161 2133 1305 2199 lectioni-

195 2311 198 2322 ,
259 2240 318 2304 bus
345 2241 499 2305 sententia
522 2241 621 2304 totius
641 2241 701 2305 loci
730 2241 968 2324 haudquaquam
999 2241 1132 2319 sanatur,
1161 2259 1239 2322 quae
1271 2261 1306 2306 eo

260 2347 391 2411 maxime
415 2346 579 2425 claudicat,
603 2347 686 2427 quod
703 2349 897 2413 enuntiatum
915 2349 1135 2426 conditionale,
1161 2348 1188 2412 si
1204 2348 1307 2432 logica

261 2456 449 2535 spectamus,
486 2455 639 2537 repugnat
676 2454 836 2520 enuntiato
869 2455 1026 2537 primario.
1095 2454 1306 2520 Kirchhoifius

261 2559 386 2643 quidem
408 2561 440 2624 in
465 2561 479 2624 1
505 2560 638 2625 editione
667 2561 745 2626 hanc
775 2561 1052 2626 contradictionem
1084 2562 1218 2646 negavit,
1252 2563 1307 2628 sed

261 2687 331 2733 eum
345 2668 423 2733 satis
436 2667 553 2733 relellit
564 2667 723 2733 Nauckius
736 2669 757 2734 l.
771 2669 791 2734 i.
805 2690 835 2752 p.
855 2671 928 2735 164.
954 2670 1152 2735 Recentiores
1169 2670 1306 2752 plerum·

258 2794 317 2856 que
343 2777 384 2843 H.
410 2774 560 2858 Stephani
581 2775 790 2859 conjecturam
817 2773 846 2840 εἰ
862 2775 898 2842 δὲ
919 2773 964 2864 μὴ
988 2777 1121 2860 amplexi
1144 2777 1225 2855 sunt,
1251 2778 1306 2842 sed

260 2903 299 2948 ne
324 2883 382 2947 hac
402 2883 530 2965 quidem
546 2883 734 2948 sententiam
751 2882 789 2948 ad
806 2903 871 2950 rem
888 2884 1153 2949 accommodatam
1169 2886 1305 2950 existere

259 2990 342 3054 recte
380 2995 487 3054 monet
522 2991 703 3075 Tyrrellius.
766 2991 907 3069 Accedit,
946 3029 988 3038 —
1019 2991 1052 3054 id
1090 2991 1173 3073 quod
1209 2993 1305 3058 etiam

259 3096 436 3162 Nauclrium
458 3116 488 3179 p.
513 3099 576 3161 164
601 3097 729 3162 offendit
751 3135 793 3144 -—
817 3097 899 3177 quod
925 3097 1305 3165 sententiaversus1244

259 3196 398 3290 ἀφανεῖς
414 3193 453 3266 ἀν
471 3195 561 3278 ὅντες
586 3196 643 3267 οὑκ
668 3194 707 3267 ἀν
725 3197 926 3290 ὑμνφθεῖμον
942 3195 980 3267 ἀν
1004 3204 1172 3270 absurdum
1187 3206 1305 3288 aliquid

258 3311 362 3389 habet,
386 3311 471 3392 quod
494 3330 529 3376 eo
552 3311 654 3396 magis
685 3311 839 3395 displicet,
873 3312 945 3394 quia
974 3313 1127 3378 sententia
1153 3332 1231 3393 quae
1255 3333 1304 3379 se-

260 3418 366 3500 quitur
389 3412 504 3495 ἀοιδὰς
527 3415 638 3494 δόντες
662 3443 690 3482 κ.
711 3443 740 3482 τ.
757 3418 786 3482 t.
811 3419 863 3503 (ad
887 3439 979 3502 quam
996 3413 1033 3485 οά
1058 3421 1305 3488 subaudiendum

257 3525 296 3590 cf.
318 3545 346 3589 v.
364 3525 438 3604 172,
471 3528 549 3611 633)
573 3545 632 3590 non
662 3526 762 3592 multo
791 3527 895 3592 differt
924 3530 962 3593 ab
987 3529 1180 3594 antecedenti
1207 3549 1304 3595 enun-

258 3632 347 3698 tiato.
395 3632 498 3713 Αῖοσο
522 3635 553 3698 in
577 3634 632 3698 illo
657 3635 725 3716 ipso
749 3654 777 3699 v.
801 3638 887 3700 1244
910 3640 960 3702 ter
980 3637 1130 3719 repetitur
1151 3637 1304 3720 particula

258 3731 306 3820 ἀν,
331 3759 410 3821 qnae
435 3742 603 3807 cumulatio
627 3742 702 3806 alibi
726 3742 808 3826 apud
830 3743 1007 3826 Euripidem
1028 3745 1059 3809 in
1081 3743 1188 3809 eodem
1212 3765 1303 3810 versu

258 3867 316 3914 non
341 3848 504 3912 invenitur.
553 3849 638 3929 Quae
661 3869 731 3916 cum
751 3851 796 3916 ita
828 3852 900 3929 sint,
935 3851 1077 3933 equidem
1110 3852 1301 3931 crediderim,

257 3955 288 4023 in
313 3975 340 4023 v.
367 3958 452 4028 1242
476 3957 560 4022 recte
584 3976 617 4023 se
640 3958 753 4023 habere
776 3959 915 4028 codicum
940 3959 1106 4024 lectionem
1126 3953 1220 4046 ἡμᾶς,
1249 3959 1304 4025 sed
