<?xml version="1.0" encoding="UTF-8"?>
<!DOCTYPE html PUBLIC "-//W3C//DTD XHTML 1.0 Transitional//EN"
    "http://www.w3.org/TR/xhtml1/DTD/xhtml1-transitional.dtd">
<html xmlns="http://www.w3.org/1999/xhtml" xml:lang="en" lang="en">
 <head>
  <title>
</title>
<meta http-equiv="Content-Type" content="text/html;charset=utf-8" />
  <meta name='ocr-system' content='tesseract 3.04.00' />
  <meta name='ocr-capabilities' content='ocr_page ocr_carea ocr_par ocr_line ocrx_word'/>
</head>
<body>
  <div class='ocr_page' id='page_1' title='image "./observationescr00buscgoog_0013.png"; bbox 0 0 3060 4574; ppageno 0'>
   <div class='ocr_carea' id='block_1_1' title="bbox 638 363 837 425">
    <p class='ocr_par' dir='ltr' id='par_1_1' title="bbox 638 363 837 425">
     <span class='ocr_line' id='line_1_1' title="bbox 638 363 837 425; baseline 0 -16"><span class='ocrx_word' id='word_1_1' title='bbox 638 363 837 425; x_wconf 77' lang='grc'>..6-</span> 
     </span>
    </p>
   </div>
   <div class='ocr_carea' id='block_1_2' title="bbox 218 539 1262 635">
    <p class='ocr_par' dir='ltr' id='par_1_2' title="bbox 218 539 1262 635">
     <span class='ocr_line' id='line_1_2' title="bbox 218 539 1262 635; baseline 0.001 -23"><span class='ocrx_word' id='word_1_2' title='bbox 218 548 374 630; x_wconf 82' lang='lat' dir='ltr'><strong>explicans</strong></span> <span class='ocrx_word' id='word_1_3' title='bbox 405 539 638 628; x_wconf 81' lang='grc' dir='ltr'><strong><em>άναιιαλοῦμαι,</em></strong></span> <span class='ocrx_word' id='word_1_4' title='bbox 665 547 772 634; x_wconf 73' lang='grc' dir='ltr'><strong><em>φησιν,</em></strong></span> <span class='ocrx_word' id='word_1_5' title='bbox 810 540 928 625; x_wconf 72' lang='grc' dir='ltr'><strong><em>αὐτοὺς</em></strong></span> <span class='ocrx_word' id='word_1_6' title='bbox 955 545 996 611; x_wconf 86' lang='grc' dir='ltr'><strong>τὰ</strong></span> <span class='ocrx_word' id='word_1_7' title='bbox 1023 545 1135 635; x_wconf 79' lang='grc' dir='ltr'><strong><em>μεραιδι</em></strong></span> <span class='ocrx_word' id='word_1_8' title='bbox 1162 550 1262 630; x_wconf 84' lang='grc' dir='ltr'><strong><em>μέλεα</em></strong></span> 
     </span>
    </p>
   </div>
   <div class='ocr_carea' id='block_1_3' title="bbox 216 654 1263 2026">
    <p class='ocr_par' dir='ltr' id='par_1_3' title="bbox 217 654 1262 847">
     <span class='ocr_line' id='line_1_3' title="bbox 217 654 1262 741; baseline 0 -23"><span class='ocrx_word' id='word_1_9' title='bbox 217 657 441 741; x_wconf 73' lang='grc' dir='ltr'><strong><em>προστιθεῖσα</em></strong></span> <span class='ocrx_word' id='word_1_10' title='bbox 472 654 511 738; x_wconf 75' lang='grc' dir='ltr'><strong>τῇ</strong></span> <span class='ocrx_word' id='word_1_11' title='bbox 541 655 580 740; x_wconf 75' lang='grc' dir='ltr'><strong>γῇ</strong></span> <span class='ocrx_word' id='word_1_12' title='bbox 608 655 663 718; x_wconf 86' lang='grc' dir='ltr'><strong>καὶ</strong></span> <span class='ocrx_word' id='word_1_13' title='bbox 693 665 766 730; x_wconf 89' lang='grc' dir='ltr'><strong><em>ταῖς</em></strong></span> <span class='ocrx_word' id='word_1_14' title='bbox 812 654 939 731; x_wconf 78' lang='grc' dir='ltr'><strong><em>δισσαῖς</em></strong></span> <span class='ocrx_word' id='word_1_15' title='bbox 970 656 1059 741; x_wconf 79' lang='grc' dir='ltr'><strong><em>χερσὶ</em></strong></span> <span class='ocrx_word' id='word_1_16' title='bbox 1093 655 1262 720; x_wconf 77' lang='grc' dir='ltr'><strong><em>κτυποῦσα</em></strong></span> 
     </span>
     <span class='ocr_line' id='line_1_4' title="bbox 217 758 362 847; baseline -0.007 -23"><span class='ocrx_word' id='word_1_17' title='bbox 217 758 274 847; x_wconf 82' lang='grc' dir='ltr'><strong>τὴν</strong></span> <span class='ocrx_word' id='word_1_18' title='bbox 297 761 362 846; x_wconf 76' lang='grc' dir='ltr'><strong><em>γῆν.</em></strong></span> 
     </span>
    </p>

    <p class='ocr_par' dir='ltr' id='par_1_4' title="bbox 216 867 1263 2026">
     <span class='ocr_line' id='line_1_5' title="bbox 310 867 1262 952; baseline 0.003 -21"><span class='ocrx_word' id='word_1_19' title='bbox 310 867 395 947; x_wconf 76' lang='lat' dir='ltr'><strong>Quae</strong></span> <span class='ocrx_word' id='word_1_20' title='bbox 421 886 491 932; x_wconf 90' lang='lat' dir='ltr'><strong>cum</strong></span> <span class='ocrx_word' id='word_1_21' title='bbox 514 867 559 932; x_wconf 90' lang='lat' dir='ltr'><strong>ita</strong></span> <span class='ocrx_word' id='word_1_22' title='bbox 581 867 681 952; x_wconf 82' lang='lat' dir='ltr'><strong>sint¹)‚</strong></span> <span class='ocrx_word' id='word_1_23' title='bbox 706 869 858 951; x_wconf 86' lang='lat' dir='ltr'><strong>suspicari</strong></span> <span class='ocrx_word' id='word_1_24' title='bbox 887 869 997 952; x_wconf 83' lang='lat' dir='ltr'><strong>possis,</strong></span> <span class='ocrx_word' id='word_1_25' title='bbox 1027 869 1262 951; x_wconf 89' lang='lat' dir='ltr'><strong>paraphrastam</strong></span> 
     </span>
     <span class='ocr_line' id='line_1_6' title="bbox 218 975 1261 1060; baseline 0.003 -19"><span class='ocrx_word' id='word_1_26' title='bbox 218 997 257 1041; x_wconf 88' lang='lat' dir='ltr'><strong>ex</strong></span> <span class='ocrx_word' id='word_1_27' title='bbox 278 976 432 1040; x_wconf 90' lang='lat' dir='ltr'><strong>communi</strong></span> <span class='ocrx_word' id='word_1_28' title='bbox 458 975 624 1060; x_wconf 86' lang='lat' dir='ltr'><strong>archetypo</strong></span> <span class='ocrx_word' id='word_1_29' title='bbox 655 976 829 1042; x_wconf 85' lang='lat' dir='ltr'><strong>nostrorum</strong></span> <span class='ocrx_word' id='word_1_30' title='bbox 862 976 1011 1054; x_wconf 80' lang='lat' dir='ltr'><strong>codicum,</strong></span> <span class='ocrx_word' id='word_1_31' title='bbox 1045 976 1118 1058; x_wconf 91' lang='lat' dir='ltr'><strong>quin</strong></span> <span class='ocrx_word' id='word_1_32' title='bbox 1148 977 1261 1058; x_wconf 85' lang='lat' dir='ltr'><strong>potina,</strong></span> 
     </span>
     <span class='ocr_line' id='line_1_7' title="bbox 218 1082 1261 1166; baseline 0.001 -17"><span class='ocrx_word' id='word_1_33' title='bbox 218 1085 244 1149; x_wconf 89' lang='lat' dir='ltr'><strong>si</strong></span> <span class='ocrx_word' id='word_1_34' title='bbox 268 1083 444 1166; x_wconf 72' lang='lat' dir='ltr'>spectamus</span> <span class='ocrx_word' id='word_1_35' title='bbox 468 1082 539 1148; x_wconf 89' lang='lat' dir='ltr'><strong>illas</strong></span> <span class='ocrx_word' id='word_1_36' title='bbox 562 1083 720 1162; x_wconf 82' lang='lat' dir='ltr'><strong>lectiones,</strong></span> <span class='ocrx_word' id='word_1_37' title='bbox 753 1103 829 1164; x_wconf 89' lang='lat' dir='ltr'><strong>quas</strong></span> <span class='ocrx_word' id='word_1_38' title='bbox 853 1085 938 1150; x_wconf 85' lang='lat' dir='ltr'><strong>solus</strong></span> <span class='ocrx_word' id='word_1_39' title='bbox 961 1084 1100 1165; x_wconf 83' lang='lat' dir='ltr'><strong>praehet,</strong></span> <span class='ocrx_word' id='word_1_40' title='bbox 1133 1103 1209 1164; x_wconf 86' lang='lat' dir='ltr'><strong>quas</strong></span> <span class='ocrx_word' id='word_1_41' title='bbox 1231 1087 1261 1150; x_wconf 91' lang='lat' dir='ltr'><strong>in</strong></span> 
     </span>
     <span class='ocr_line' id='line_1_8' title="bbox 219 1188 1260 1276; baseline 0.001 -20"><span class='ocrx_word' id='word_1_42' title='bbox 219 1192 351 1270; x_wconf 87' lang='lat' dir='ltr'><strong>utroque</strong></span> <span class='ocrx_word' id='word_1_43' title='bbox 376 1188 479 1259; x_wconf 88' lang='lat' dir='ltr'><strong>codice</strong></span> <span class='ocrx_word' id='word_1_44' title='bbox 506 1191 548 1273; x_wconf 86' lang='lat' dir='ltr'><strong>(V</strong></span> <span class='ocrx_word' id='word_1_45' title='bbox 573 1191 604 1255; x_wconf 88' lang='lat' dir='ltr'><strong>et</strong></span> <span class='ocrx_word' id='word_1_46' title='bbox 623 1192 661 1276; x_wconf 85' lang='lat' dir='ltr'><strong>P)</strong></span> <span class='ocrx_word' id='word_1_47' title='bbox 691 1192 858 1275; x_wconf 90' lang='lat' dir='ltr'><strong>separatim</strong></span> <span class='ocrx_word' id='word_1_48' title='bbox 890 1192 1051 1273; x_wconf 84' lang='lat' dir='ltr'><strong>corruptas</strong></span> <span class='ocrx_word' id='word_1_49' title='bbox 1084 1210 1150 1256; x_wconf 88' lang='lat' dir='ltr'><strong>essa</strong></span> <span class='ocrx_word' id='word_1_50' title='bbox 1180 1194 1260 1258; x_wconf 87' lang='lat' dir='ltr'><strong>vari-</strong></span> 
     </span>
     <span class='ocr_line' id='line_1_9' title="bbox 218 1298 1262 1383; baseline 0.001 -21"><span class='ocrx_word' id='word_1_51' title='bbox 218 1298 321 1363; x_wconf 86' lang='lat' dir='ltr'><strong>simile</strong></span> <span class='ocrx_word' id='word_1_52' title='bbox 345 1299 475 1376; x_wconf 74' lang='lat' dir='ltr'><strong>nonest,</strong></span> <span class='ocrx_word' id='word_1_53' title='bbox 496 1298 561 1380; x_wconf 88' lang='lat' dir='ltr'><strong>jam</strong></span> <span class='ocrx_word' id='word_1_54' title='bbox 580 1317 614 1362; x_wconf 85' lang='lat' dir='ltr'><strong>ax</strong></span> <span class='ocrx_word' id='word_1_55' title='bbox 626 1302 714 1381; x_wconf 89' lang='lat' dir='ltr'><strong>patra</strong></span> <span class='ocrx_word' id='word_1_56' title='bbox 726 1301 811 1366; x_wconf 88' lang='lat' dir='ltr'><strong>illius</strong></span> <span class='ocrx_word' id='word_1_57' title='bbox 836 1299 995 1383; x_wconf 84' lang='lat' dir='ltr'><strong>archetypi</strong></span> <span class='ocrx_word' id='word_1_58' title='bbox 1007 1299 1262 1364; x_wconf 87' lang='lat' dir='ltr'><strong>commentarium</strong></span> 
     </span>
     <span class='ocr_line' id='line_1_10' title="bbox 219 1404 1263 1490; baseline 0.002 -20"><span class='ocrx_word' id='word_1_59' title='bbox 219 1425 311 1470; x_wconf 89' lang='lat' dir='ltr'><strong>suurn</strong></span> <span class='ocrx_word' id='word_1_60' title='bbox 348 1405 522 1488; x_wconf 79' lang='lat' dir='ltr'><strong>perfecisse.</strong></span> <span class='ocrx_word' id='word_1_61' title='bbox 572 1404 633 1470; x_wconf 83' lang='lat' dir='ltr'><strong>Sed</strong></span> <span class='ocrx_word' id='word_1_62' title='bbox 668 1411 772 1472; x_wconf 89' lang='lat' dir='ltr'><strong>tamen</strong></span> <span class='ocrx_word' id='word_1_63' title='bbox 803 1407 903 1485; x_wconf 79' lang='lat' dir='ltr'><strong>oredo,</strong></span> <span class='ocrx_word' id='word_1_64' title='bbox 936 1405 973 1470; x_wconf 92' lang='lat' dir='ltr'><strong>da</strong></span> <span class='ocrx_word' id='word_1_65' title='bbox 1003 1405 1119 1490; x_wconf 85' lang='lat' dir='ltr'><strong>origine</strong></span> <span class='ocrx_word' id='word_1_66' title='bbox 1137 1406 1263 1472; x_wconf 90' lang='lat' dir='ltr'><strong>illarum</strong></span> 
     </span>
     <span class='ocr_line' id='line_1_11' title="bbox 216 1512 1260 1597; baseline 0.001 -19"><span class='ocrx_word' id='word_1_67' title='bbox 216 1532 358 1578; x_wconf 82' lang='lat' dir='ltr'><strong>verarum</strong></span> <span class='ocrx_word' id='word_1_68' title='bbox 389 1513 557 1578; x_wconf 89' lang='lat' dir='ltr'><strong>lactionum</strong></span> <span class='ocrx_word' id='word_1_69' title='bbox 588 1515 806 1596; x_wconf 77' lang='lat' dir='ltr'><strong>paraphrastes</strong></span> <span class='ocrx_word' id='word_1_70' title='bbox 838 1515 928 1579; x_wconf 86' lang='lat' dir='ltr'><strong>aliter</strong></span> <span class='ocrx_word' id='word_1_71' title='bbox 954 1512 1157 1597; x_wconf 86' lang='lat' dir='ltr'><strong>judicandum</strong></span> <span class='ocrx_word' id='word_1_72' title='bbox 1184 1533 1260 1579; x_wconf 89' lang='lat' dir='ltr'><strong>esse.</strong></span> 
     </span>
     <span class='ocr_line' id='line_1_12' title="bbox 216 1618 1261 1703; baseline 0.002 -19"><span class='ocrx_word' id='word_1_73' title='bbox 216 1620 298 1684; x_wconf 89' lang='lat' dir='ltr'><strong>Nam</strong></span> <span class='ocrx_word' id='word_1_74' title='bbox 327 1618 536 1700; x_wconf 78' lang='lat' dir='ltr'><strong>compluribus</strong></span> <span class='ocrx_word' id='word_1_75' title='bbox 565 1620 651 1699; x_wconf 82' lang='lat' dir='ltr'><strong>locis,</strong></span> <span class='ocrx_word' id='word_1_76' title='bbox 688 1623 800 1703; x_wconf 89' lang='lat' dir='ltr'><strong>quihus</strong></span> <span class='ocrx_word' id='word_1_77' title='bbox 834 1623 888 1687; x_wconf 93' lang='lat' dir='ltr'><strong>illa</strong></span> <span class='ocrx_word' id='word_1_78' title='bbox 921 1622 1086 1686; x_wconf 87' lang='lat' dir='ltr'><strong>lectionem</strong></span> <span class='ocrx_word' id='word_1_79' title='bbox 1117 1622 1261 1686; x_wconf 86' lang='lat' dir='ltr'><strong>Vaticani</strong></span> 
     </span>
     <span class='ocr_line' id='line_1_13' title="bbox 218 1727 1259 1812; baseline 0.003 -21"><span class='ocrx_word' id='word_1_80' title='bbox 218 1727 367 1810; x_wconf 86' lang='lat' dir='ltr'><strong>explicare</strong></span> <span class='ocrx_word' id='word_1_81' title='bbox 398 1727 527 1804; x_wconf 83' lang='lat' dir='ltr'><strong>laborat,</strong></span> <span class='ocrx_word' id='word_1_82' title='bbox 562 1746 631 1792; x_wconf 90' lang='lat' dir='ltr'><strong>curn</strong></span> <span class='ocrx_word' id='word_1_83' title='bbox 658 1730 684 1794; x_wconf 92' lang='lat' dir='ltr'>P</span> <span class='ocrx_word' id='word_1_84' title='bbox 712 1749 816 1794; x_wconf 84' lang='lat' dir='ltr'><strong>veram</strong></span> <span class='ocrx_word' id='word_1_85' title='bbox 849 1729 1002 1808; x_wconf 77' lang='lat' dir='ltr'><strong>exhibeat,</strong></span> <span class='ocrx_word' id='word_1_86' title='bbox 1034 1730 1259 1812; x_wconf 79' lang='lat' dir='ltr'><strong>comprobatur,</strong></span> 
     </span>
     <span class='ocr_line' id='line_1_14' title="bbox 217 1835 1261 1918; baseline 0.004 -21"><span class='ocrx_word' id='word_1_87' title='bbox 217 1835 248 1899; x_wconf 94' lang='lat' dir='ltr'><strong>ni</strong></span> <span class='ocrx_word' id='word_1_88' title='bbox 272 1835 373 1912; x_wconf 77' lang='lat' dir='ltr'><strong>fallor,</strong></span> <span class='ocrx_word' id='word_1_89' title='bbox 399 1835 599 1917; x_wconf 84' lang='lat' dir='ltr'><strong>paraphrasin</strong></span> <span class='ocrx_word' id='word_1_90' title='bbox 614 1835 737 1901; x_wconf 88' lang='lat' dir='ltr'><strong>demum</strong></span> <span class='ocrx_word' id='word_1_91' title='bbox 754 1838 919 1918; x_wconf 86' lang='lat' dir='ltr'><strong>postquam</strong></span> <span class='ocrx_word' id='word_1_92' title='bbox 941 1837 1039 1901; x_wconf 81' lang='lat' dir='ltr'><strong>codex</strong></span> <span class='ocrx_word' id='word_1_93' title='bbox 1061 1838 1087 1900; x_wconf 90' lang='lat' dir='ltr'><strong>P</strong></span> <span class='ocrx_word' id='word_1_94' title='bbox 1111 1836 1261 1917; x_wconf 83' lang='lat' dir='ltr'><strong>(velavus</strong></span> 
     </span>
     <span class='ocr_line' id='line_1_15' title="bbox 218 1942 1148 2026; baseline 0.003 -20"><span class='ocrx_word' id='word_1_95' title='bbox 218 1942 296 2026; x_wconf 87' lang='lat' dir='ltr'><strong>ejus)</strong></span> <span class='ocrx_word' id='word_1_96' title='bbox 321 1961 339 2005; x_wconf 91' lang='lat' dir='ltr'><strong>a</strong></span> <span class='ocrx_word' id='word_1_97' title='bbox 361 1942 517 2006; x_wconf 88' lang='lat' dir='ltr'><strong>communi</strong></span> <span class='ocrx_word' id='word_1_98' title='bbox 538 1943 632 2025; x_wconf 86' lang='lat' dir='ltr'><strong>stirpe</strong></span> <span class='ocrx_word' id='word_1_99' title='bbox 657 1943 829 2026; x_wconf 87' lang='lat' dir='ltr'><strong>descriptus</strong></span> <span class='ocrx_word' id='word_1_100' title='bbox 853 1946 910 2022; x_wconf 74' lang='lat' dir='ltr'><strong>est,</strong></span> <span class='ocrx_word' id='word_1_101' title='bbox 934 1943 1049 2009; x_wconf 84' lang='lat' dir='ltr'><strong>factam</strong></span> <span class='ocrx_word' id='word_1_102' title='bbox 1071 1962 1148 2009; x_wconf 84' lang='lat' dir='ltr'><strong>esse.</strong></span> 
     </span>
    </p>
   </div>
   <div class='ocr_carea' id='block_1_4' title="bbox 214 2065 1259 3332">
    <p class='ocr_par' dir='ltr' id='par_1_5' title="bbox 214 2065 1259 3332">
     <span class='ocr_line' id='line_1_16' title="bbox 277 2065 946 2157; baseline 0.003 -27"><span class='ocrx_word' id='word_1_103' title='bbox 277 2149 282 2157; x_wconf 18' lang='grc' dir='ltr'>ἱ</span> <span class='ocrx_word' id='word_1_104' title='bbox 308 2067 382 2130; x_wconf 80' lang='grc'>275.</span> <span class='ocrx_word' id='word_1_105' title='bbox 408 2065 536 2130; x_wconf 86' lang='lat' dir='ltr'><strong>Hecuba</strong></span> <span class='ocrx_word' id='word_1_106' title='bbox 560 2085 599 2131; x_wconf 89' lang='lat' dir='ltr'><strong>ex</strong></span> <span class='ocrx_word' id='word_1_107' title='bbox 619 2068 786 2152; x_wconf 82' lang='lat' dir='ltr'><strong>Talthybio</strong></span> <span class='ocrx_word' id='word_1_108' title='bbox 808 2068 946 2150; x_wconf 89' lang='lat' dir='ltr'><strong>quaerit:</strong></span> 
     </span>
     <span class='ocr_line' id='line_1_17' title="bbox 353 2167 1150 2262; baseline 0.008 -29"><span class='ocrx_word' id='word_1_109' title='bbox 353 2167 416 2255; x_wconf 73' lang='lat' dir='ltr'><strong>ayo</strong></span> <span class='ocrx_word' id='word_1_110' title='bbox 439 2170 475 2235; x_wconf 81' lang='grc' dir='ltr'><strong>δὲ</strong></span> <span class='ocrx_word' id='word_1_111' title='bbox 497 2173 544 2258; x_wconf 77' lang='grc' dir='ltr'><strong>τῴ</strong></span> <span class='ocrx_word' id='word_1_112' title='bbox 566 2171 759 2260; x_wconf 79' lang='grc' dir='ltr'><strong><em>πρόσπολος</em></strong></span> <span class='ocrx_word' id='word_1_113' title='bbox 782 2169 803 2238; x_wconf 87' lang='grc' dir='ltr'><strong><em>ά</em></strong></span> <span class='ocrx_word' id='word_1_114' title='bbox 823 2172 1058 2261; x_wconf 76' lang='grc' dir='ltr'><strong><em>τριτοβάμονος</em></strong></span> <span class='ocrx_word' id='word_1_115' title='bbox 1079 2177 1150 2262; x_wconf 81' lang='grc' dir='ltr'><strong><em>χερὶ</em></strong></span> 
     </span>
     <span class='ocr_line' id='line_1_18' title="bbox 353 2277 937 2370; baseline 0.009 -29"><span class='ocrx_word' id='word_1_116' title='bbox 353 2277 510 2360; x_wconf 77' lang='grc' dir='ltr'><strong><em>δευομένα</em></strong></span> <span class='ocrx_word' id='word_1_117' title='bbox 530 2279 672 2369; x_wconf 75' lang='grc' dir='ltr'><strong><em>βάκτρου</em></strong></span> <span class='ocrx_word' id='word_1_118' title='bbox 696 2283 815 2370; x_wconf 73' lang='grc' dir='ltr'><strong><em>γεραιῷ</em></strong></span> <span class='ocrx_word' id='word_1_119' title='bbox 838 2280 937 2370; x_wconf 80' lang='grc' dir='ltr'><strong><em>κάρᾳ;</em></strong></span> 
     </span>
     <span class='ocr_line' id='line_1_19' title="bbox 217 2380 1259 2474; baseline 0.012 -30"><span class='ocrx_word' id='word_1_120' title='bbox 217 2380 451 2467; x_wconf 77' lang='grc' dir='ltr'><strong><em>τριτοβάμονος</em></strong></span> <span class='ocrx_word' id='word_1_121' title='bbox 471 2387 507 2450; x_wconf 92' lang='grc' dir='ltr'><strong>Ρ.</strong></span> <span class='ocrx_word' id='word_1_122' title='bbox 555 2387 750 2474; x_wconf 90' lang='grc' dir='ltr'><strong><em>τριβάμονος</em></strong></span> <span class='ocrx_word' id='word_1_123' title='bbox 770 2391 808 2455; x_wconf 91' lang='lat' dir='ltr'><strong>V.</strong></span> <span class='ocrx_word' id='word_1_124' title='bbox 856 2390 961 2452; x_wconf 78' lang='lat' dir='ltr'><strong>Etiam</strong></span> <span class='ocrx_word' id='word_1_125' title='bbox 992 2389 1202 2455; x_wconf 84' lang='lat' dir='ltr'><strong>Kirohhoffiua</strong></span> <span class='ocrx_word' id='word_1_126' title='bbox 1225 2391 1259 2456; x_wconf 89' lang='lat' dir='ltr'><strong>in</strong></span> 
     </span>
     <span class='ocr_line' id='line_1_20' title="bbox 218 2488 1259 2580; baseline 0.008 -26"><span class='ocrx_word' id='word_1_127' title='bbox 218 2488 264 2554; x_wconf 86' lang='lat' dir='ltr'><strong>ed.</strong></span> <span class='ocrx_word' id='word_1_128' title='bbox 291 2490 337 2554; x_wconf 92' lang='grc' dir='ltr'><strong>ΙΙΙ</strong></span> <span class='ocrx_word' id='word_1_129' title='bbox 361 2491 498 2556; x_wconf 77' lang='lat' dir='ltr'><strong>Palatini</strong></span> <span class='ocrx_word' id='word_1_130' title='bbox 521 2493 686 2559; x_wconf 88' lang='lat' dir='ltr'><strong>lectionem</strong></span> <span class='ocrx_word' id='word_1_131' title='bbox 708 2496 831 2577; x_wconf 84' lang='lat' dir='ltr'><strong>recepit,</strong></span> <span class='ocrx_word' id='word_1_132' title='bbox 856 2513 949 2574; x_wconf 85' lang='lat' dir='ltr'><strong>qnam</strong></span> <span class='ocrx_word' id='word_1_133' title='bbox 977 2514 1081 2560; x_wconf 89' lang='lat' dir='ltr'><strong>veram</strong></span> <span class='ocrx_word' id='word_1_134' title='bbox 1105 2513 1171 2560; x_wconf 84' lang='lat' dir='ltr'><strong>essa</strong></span> <span class='ocrx_word' id='word_1_135' title='bbox 1191 2496 1259 2580; x_wconf 88' lang='lat' dir='ltr'><strong>jam</strong></span> 
     </span>
     <span class='ocr_line' id='line_1_21' title="bbox 217 2593 1257 2686; baseline 0.007 -26"><span class='ocrx_word' id='word_1_136' title='bbox 217 2593 374 2661; x_wconf 80' lang='lat' dir='ltr'><strong>Seidlerus</strong></span> <span class='ocrx_word' id='word_1_137' title='bbox 397 2598 500 2677; x_wconf 82' lang='lat' dir='ltr'><strong>evicit,</strong></span> <span class='ocrx_word' id='word_1_138' title='bbox 534 2619 698 2682; x_wconf 85' lang='lat' dir='ltr'><strong>exponens,</strong></span> <span class='ocrx_word' id='word_1_139' title='bbox 734 2597 939 2686; x_wconf 81' lang='grc' dir='ltr'><strong><em>τριτοβάμων</em></strong></span> <span class='ocrx_word' id='word_1_140' title='bbox 960 2601 1070 2667; x_wconf 92' lang='lat' dir='ltr'><strong>baculo</strong></span> <span class='ocrx_word' id='word_1_141' title='bbox 1087 2602 1257 2683; x_wconf 75' lang='lat' dir='ltr'><strong>convenire,</strong></span> 
     </span>
     <span class='ocr_line' id='line_1_22' title="bbox 216 2703 1256 2792; baseline 0.005 -25"><span class='ocrx_word' id='word_1_142' title='bbox 216 2707 324 2768; x_wconf 88' lang='lat' dir='ltr'><strong>contra</strong></span> <span class='ocrx_word' id='word_1_143' title='bbox 360 2703 527 2791; x_wconf 79' lang='grc' dir='ltr'><strong><em>τριβάμων</em></strong></span> <span class='ocrx_word' id='word_1_144' title='bbox 559 2708 690 2772; x_wconf 88' lang='lat' dir='ltr'><strong>hominis</strong></span> <span class='ocrx_word' id='word_1_145' title='bbox 725 2708 823 2792; x_wconf 86' lang='lat' dir='ltr'><strong>ipsius</strong></span> <span class='ocrx_word' id='word_1_146' title='bbox 858 2707 1015 2791; x_wconf 86' lang='lat' dir='ltr'><strong>epitheton</strong></span> <span class='ocrx_word' id='word_1_147' title='bbox 1055 2729 1122 2776; x_wconf 89' lang='lat' dir='ltr'><strong>assa</strong></span> <span class='ocrx_word' id='word_1_148' title='bbox 1156 2727 1256 2791; x_wconf 88' lang='lat' dir='ltr'><strong>possa.</strong></span> 
     </span>
     <span class='ocr_line' id='line_1_23' title="bbox 215 2811 1258 2906; baseline 0.008 -34"><span class='ocrx_word' id='word_1_149' title='bbox 215 2811 359 2875; x_wconf 86' lang='lat' dir='ltr'><strong>Vaticani</strong></span> <span class='ocrx_word' id='word_1_150' title='bbox 405 2814 560 2896; x_wconf 85' lang='lat' dir='ltr'><strong>scriptura</strong></span> <span class='ocrx_word' id='word_1_151' title='bbox 593 2816 623 2879; x_wconf 94' lang='lat' dir='ltr'><strong>in</strong></span> <span class='ocrx_word' id='word_1_152' title='bbox 661 2816 786 2881; x_wconf 86' lang='lat' dir='ltr'><strong>scholiis</strong></span> <span class='ocrx_word' id='word_1_153' title='bbox 822 2818 1016 2901; x_wconf 76' lang='lat' dir='ltr'><strong>agnoscitur:</strong></span> <span class='ocrx_word' id='word_1_154' title='bbox 1063 2816 1258 2906; x_wconf 80' lang='grc' dir='ltr'><strong><em>τριβάμονος</em></strong></span> 
     </span>
     <span class='ocr_line' id='line_1_24' title="bbox 214 2914 924 3010; baseline 0.013 -31"><span class='ocrx_word' id='word_1_155' title='bbox 214 2914 356 3003; x_wconf 80' lang='grc' dir='ltr'><strong><em>βάκτρου</em></strong></span> <span class='ocrx_word' id='word_1_156' title='bbox 381 2919 514 3008; x_wconf 78' lang='grc' dir='ltr'><strong><em>δεομένη</em></strong></span> <span class='ocrx_word' id='word_1_157' title='bbox 537 2918 653 2987; x_wconf 86' lang='grc' dir='ltr'><strong><em>διὰτὸ</em></strong></span> <span class='ocrx_word' id='word_1_158' title='bbox 677 2922 809 3010; x_wconf 75' lang='grc' dir='ltr'><strong><em>γηραιὸν</em></strong></span> <span class='ocrx_word' id='word_1_159' title='bbox 832 2922 924 3010; x_wconf 86' lang='grc' dir='ltr'><strong><em>κάρα.</em></strong></span> 
     </span>
     <span class='ocr_line' id='line_1_25' title="bbox 304 3027 699 3112; baseline 0.013 -22"><span class='ocrx_word' id='word_1_160' title='bbox 304 3027 340 3090; x_wconf 95' lang='lat' dir='ltr'><strong>ln</strong></span> <span class='ocrx_word' id='word_1_161' title='bbox 364 3047 392 3092; x_wconf 89' lang='lat' dir='ltr'><strong>v.</strong></span> <span class='ocrx_word' id='word_1_162' title='bbox 418 3028 481 3093; x_wconf 86' lang='grc'><strong>525</strong></span> <span class='ocrx_word' id='word_1_163' title='bbox 501 3032 528 3094; x_wconf 89' lang='grc' dir='ltr'>Ρ</span> <span class='ocrx_word' id='word_1_164' title='bbox 553 3032 699 3112; x_wconf 89' lang='lat' dir='ltr'><strong>praebat:</strong></span> 
     </span>
     <span class='ocr_line' id='line_1_26' title="bbox 484 3129 958 3224; baseline 0.004 -24"><span class='ocrx_word' id='word_1_165' title='bbox 484 3129 552 3200; x_wconf 76' lang='grc' dir='ltr'><strong><em>τόδ’</em></strong></span> <span class='ocrx_word' id='word_1_166' title='bbox 577 3133 662 3222; x_wconf 79' lang='grc' dir='ltr'><strong><em>ἱερὸν</em></strong></span> <span class='ocrx_word' id='word_1_167' title='bbox 683 3130 819 3224; x_wconf 75' lang='grc' dir='ltr'><strong><em>άνάγετε</em></strong></span> <span class='ocrx_word' id='word_1_168' title='bbox 843 3134 958 3217; x_wconf 82' lang='grc' dir='ltr'><strong><em>ξόανον</em></strong></span> 
     </span>
     <span class='ocr_line' id='line_1_27' title="bbox 483 3236 871 3332; baseline 0.008 -26"><span class='ocrx_word' id='word_1_169' title='bbox 483 3236 592 3307; x_wconf 79' lang='grc' dir='ltr'><strong><em>Ἰλιάδι</em></strong></span> <span class='ocrx_word' id='word_1_170' title='bbox 617 3244 756 3328; x_wconf 74' lang='grc' dir='ltr'><strong><em>διογενεῖ</em></strong></span> <span class='ocrx_word' id='word_1_171' title='bbox 778 3242 871 3332; x_wconf 79' lang='grc' dir='ltr'><strong><em>κόρᾳ,</em></strong></span> 
     </span>
    </p>
   </div>
   <div class='ocr_carea' id='block_1_5' title="bbox 212 3485 1258 4080">
    <p class='ocr_par' dir='ltr' id='par_1_6' title="bbox 212 3485 1258 4080">
     <span class='ocr_line' id='line_1_28' title="bbox 300 3485 1257 3561; baseline 0.006 -21"><span class='ocrx_word' id='word_1_172' title='bbox 300 3489 320 3555; x_wconf 81' lang='lat'><strong>¹)</strong></span> <span class='ocrx_word' id='word_1_173' title='bbox 338 3485 506 3557; x_wconf 80' lang='lat' dir='ltr'><strong>Hartungius</strong></span> <span class='ocrx_word' id='word_1_174' title='bbox 529 3487 652 3556; x_wconf 84' lang='lat' dir='ltr'><strong>pluribus</strong></span> <span class='ocrx_word' id='word_1_175' title='bbox 670 3488 751 3543; x_wconf 87' lang='lat' dir='ltr'><strong>otiam</strong></span> <span class='ocrx_word' id='word_1_176' title='bbox 773 3487 840 3542; x_wconf 89' lang='lat' dir='ltr'><strong>locis</strong></span> <span class='ocrx_word' id='word_1_177' title='bbox 863 3487 946 3542; x_wconf 87' lang='lat' dir='ltr'><strong>schol.</strong></span> <span class='ocrx_word' id='word_1_178' title='bbox 969 3491 1144 3558; x_wconf 86' lang='lat' dir='ltr'><strong>paraphrasin</strong></span> <span class='ocrx_word' id='word_1_179' title='bbox 1161 3492 1257 3561; x_wconf 85' lang='lat' dir='ltr'><strong>verbis,</strong></span> 
     </span>
     <span class='ocr_line' id='line_1_29' title="bbox 214 3568 1257 3646; baseline 0.004 -20"><span class='ocrx_word' id='word_1_180' title='bbox 214 3588 280 3642; x_wconf 87' lang='lat' dir='ltr'><strong>quaa</strong></span> <span class='ocrx_word' id='word_1_181' title='bbox 299 3573 404 3628; x_wconf 85' lang='lat' dir='ltr'><strong>codices</strong></span> <span class='ocrx_word' id='word_1_182' title='bbox 422 3575 556 3644; x_wconf 76' lang='lat' dir='ltr'><strong>praebent,</strong></span> <span class='ocrx_word' id='word_1_183' title='bbox 574 3575 708 3644; x_wconf 76' lang='lat' dir='ltr'><strong>praetulit,</strong></span> <span class='ocrx_word' id='word_1_184' title='bbox 731 3574 806 3629; x_wconf 86' lang='lat' dir='ltr'><strong>velut</strong></span> <span class='ocrx_word' id='word_1_185' title='bbox 826 3575 856 3628; x_wconf 92' lang='lat' dir='ltr'><strong>in</strong></span> <span class='ocrx_word' id='word_1_186' title='bbox 877 3593 902 3630; x_wconf 83' lang='lat' dir='ltr'><strong>v.</strong></span> <span class='ocrx_word' id='word_1_187' title='bbox 921 3576 972 3630; x_wconf 79' lang='grc'><strong>456</strong></span> <span class='ocrx_word' id='word_1_188' title='bbox 991 3568 1072 3645; x_wconf 82' lang='grc' dir='ltr'><strong><em>οὖρον</em></strong></span> <span class='ocrx_word' id='word_1_189' title='bbox 1089 3593 1137 3646; x_wconf 89' lang='lat' dir='ltr'><strong>pro</strong></span> <span class='ocrx_word' id='word_1_190' title='bbox 1162 3574 1257 3646; x_wconf 76' lang='grc' dir='ltr'><strong><em>αὔραν,</em></strong></span> 
     </span>
     <span class='ocr_line' id='line_1_30' title="bbox 212 3658 1258 3730; baseline 0.006 -18"><span class='ocrx_word' id='word_1_191' title='bbox 212 3660 241 3712; x_wconf 86' lang='lat' dir='ltr'><strong>in</strong></span> <span class='ocrx_word' id='word_1_192' title='bbox 259 3677 284 3712; x_wconf 87' lang='lat' dir='ltr'><strong>v.</strong></span> <span class='ocrx_word' id='word_1_193' title='bbox 302 3659 351 3715; x_wconf 85' lang='lat'><strong>471</strong></span> <span class='ocrx_word' id='word_1_194' title='bbox 371 3665 476 3729; x_wconf 80' lang='grc' dir='ltr'><strong><em>βροτῶν</em></strong></span> <span class='ocrx_word' id='word_1_195' title='bbox 493 3678 540 3730; x_wconf 88' lang='lat' dir='ltr'><strong>pro</strong></span> <span class='ocrx_word' id='word_1_196' title='bbox 560 3659 643 3730; x_wconf 74' lang='grc' dir='ltr'><strong><em>ἡμῶν,</em></strong></span> <span class='ocrx_word' id='word_1_197' title='bbox 662 3662 713 3716; x_wconf 90' lang='grc'><strong>550</strong></span> <span class='ocrx_word' id='word_1_198' title='bbox 732 3660 850 3712; x_wconf 75' lang='grc' dir='ltr'><strong><em>δέδωκεν</em></strong></span> <span class='ocrx_word' id='word_1_199' title='bbox 868 3678 915 3730; x_wconf 90' lang='lat' dir='ltr'><strong>pro</strong></span> <span class='ocrx_word' id='word_1_200' title='bbox 933 3658 1042 3714; x_wconf 76' lang='grc' dir='ltr'><strong><em>ἔδωκεν.</em></strong></span> <span class='ocrx_word' id='word_1_201' title='bbox 1071 3662 1124 3718; x_wconf 78' lang='lat' dir='ltr'><strong>Sed</strong></span> <span class='ocrx_word' id='word_1_202' title='bbox 1140 3679 1203 3717; x_wconf 89' lang='lat' dir='ltr'><strong>cnm</strong></span> <span class='ocrx_word' id='word_1_203' title='bbox 1214 3663 1258 3718; x_wconf 85' lang='lat' dir='ltr'><strong>hia</strong></span> 
     </span>
     <span class='ocr_line' id='line_1_31' title="bbox 212 3744 1258 3818; baseline 0.005 -19"><span class='ocrx_word' id='word_1_204' title='bbox 212 3744 279 3800; x_wconf 89' lang='lat' dir='ltr'><strong>locis</strong></span> <span class='ocrx_word' id='word_1_205' title='bbox 289 3763 336 3815; x_wconf 87' lang='lat' dir='ltr'><strong>per</strong></span> <span class='ocrx_word' id='word_1_206' title='bbox 347 3761 376 3800; x_wconf 88' lang='lat' dir='ltr'><strong>aa</strong></span> <span class='ocrx_word' id='word_1_207' title='bbox 387 3746 456 3800; x_wconf 77' lang='lat' dir='ltr'><strong>nihil</strong></span> <span class='ocrx_word' id='word_1_208' title='bbox 473 3748 502 3800; x_wconf 82' lang='lat' dir='ltr'><strong>in</strong></span> <span class='ocrx_word' id='word_1_209' title='bbox 512 3749 635 3802; x_wconf 88' lang='lat' dir='ltr'><strong>codicum</strong></span> <span class='ocrx_word' id='word_1_210' title='bbox 643 3746 756 3802; x_wconf 88' lang='lat' dir='ltr'><strong>lectione</strong></span> <span class='ocrx_word' id='word_1_211' title='bbox 765 3748 1011 3816; x_wconf 85' lang='lat' dir='ltr'><strong>reprehendendum</strong></span> <span class='ocrx_word' id='word_1_212' title='bbox 1020 3749 1063 3818; x_wconf 82' lang='lat' dir='ltr'><strong>sit,</strong></span> <span class='ocrx_word' id='word_1_213' title='bbox 1077 3749 1194 3804; x_wconf 86' lang='lat' dir='ltr'><strong>dubitari</strong></span> <span class='ocrx_word' id='word_1_214' title='bbox 1204 3766 1258 3804; x_wconf 88' lang='lat' dir='ltr'><strong>non</strong></span> 
     </span>
     <span class='ocr_line' id='line_1_32' title="bbox 213 3834 1257 3905; baseline 0.003 -18"><span class='ocrx_word' id='word_1_215' title='bbox 213 3835 307 3903; x_wconf 83' lang='lat' dir='ltr'><strong>potest,</strong></span> <span class='ocrx_word' id='word_1_216' title='bbox 322 3834 387 3903; x_wconf 89' lang='lat' dir='ltr'><strong>quin</strong></span> <span class='ocrx_word' id='word_1_217' title='bbox 395 3835 569 3904; x_wconf 76' lang='lat' dir='ltr'><strong>paraphrasin</strong></span> <span class='ocrx_word' id='word_1_218' title='bbox 576 3836 605 3889; x_wconf 91' lang='lat' dir='ltr'><strong>id</strong></span> <span class='ocrx_word' id='word_1_219' title='bbox 614 3836 713 3903; x_wconf 75' lang='lat' dir='ltr'><strong>lecerit,</strong></span> <span class='ocrx_word' id='word_1_220' title='bbox 732 3836 802 3904; x_wconf 92' lang='lat' dir='ltr'><strong>quod</strong></span> <span class='ocrx_word' id='word_1_221' title='bbox 820 3835 881 3905; x_wconf 80' lang='lat' dir='ltr'><strong>agit,</strong></span> <span class='ocrx_word' id='word_1_222' title='bbox 898 3851 994 3903; x_wconf 87' lang='lat' dir='ltr'><strong>nempe</strong></span> <span class='ocrx_word' id='word_1_223' title='bbox 1007 3852 1054 3904; x_wconf 92' lang='lat' dir='ltr'><strong>pro</strong></span> <span class='ocrx_word' id='word_1_224' title='bbox 1064 3837 1157 3904; x_wconf 69' lang='lat' dir='ltr'><strong>poetae</strong></span> <span class='ocrx_word' id='word_1_225' title='bbox 1168 3836 1257 3890; x_wconf 86' lang='lat' dir='ltr'><strong>verbis</strong></span> 
     </span>
     <span class='ocr_line' id='line_1_33' title="bbox 212 3921 1257 3992; baseline 0.003 -16"><span class='ocrx_word' id='word_1_226' title='bbox 212 3921 265 3976; x_wconf 89' lang='lat' dir='ltr'><strong>alia</strong></span> <span class='ocrx_word' id='word_1_227' title='bbox 283 3921 456 3976; x_wconf 82' lang='lat' dir='ltr'><strong>substituerit.</strong></span> <span class='ocrx_word' id='word_1_228' title='bbox 491 3922 553 3976; x_wconf 92' lang='lat' dir='ltr'><strong>Non</strong></span> <span class='ocrx_word' id='word_1_229' title='bbox 569 3939 628 3978; x_wconf 86' lang='lat' dir='ltr'><strong>raro</strong></span> <span class='ocrx_word' id='word_1_230' title='bbox 646 3923 718 3977; x_wconf 88' lang='lat' dir='ltr'><strong>idam</strong></span> <span class='ocrx_word' id='word_1_231' title='bbox 735 3922 901 3992; x_wconf 84' lang='lat' dir='ltr'><strong>Hartungiua</strong></span> <span class='ocrx_word' id='word_1_232' title='bbox 919 3922 1077 3977; x_wconf 79' lang='lat' dir='ltr'><strong>scholiastae</strong></span> <span class='ocrx_word' id='word_1_233' title='bbox 1094 3923 1176 3978; x_wconf 87' lang='lat' dir='ltr'><strong>verba</strong></span> <span class='ocrx_word' id='word_1_234' title='bbox 1193 3925 1257 3978; x_wconf 81' lang='lat' dir='ltr'><strong>arti-</strong></span> 
     </span>
     <span class='ocr_line' id='line_1_34' title="bbox 212 4008 1179 4080; baseline 0.001 -18"><span class='ocrx_word' id='word_1_235' title='bbox 212 4009 304 4064; x_wconf 88' lang='lat' dir='ltr'><strong>ficiose</strong></span> <span class='ocrx_word' id='word_1_236' title='bbox 328 4009 516 4078; x_wconf 84' lang='lat' dir='ltr'><strong>interpretatus</strong></span> <span class='ocrx_word' id='word_1_237' title='bbox 534 4010 615 4065; x_wconf 83' lang='lat' dir='ltr'><strong>verba</strong></span> <span class='ocrx_word' id='word_1_238' title='bbox 632 4009 731 4066; x_wconf 83' lang='lat' dir='ltr'><strong>tradita</strong></span> <span class='ocrx_word' id='word_1_239' title='bbox 748 4011 841 4077; x_wconf 81' lang='lat' dir='ltr'><strong>mutat,</strong></span> <span class='ocrx_word' id='word_1_240' title='bbox 860 4009 891 4062; x_wconf 85' lang='lat' dir='ltr'><strong>ut</strong></span> <span class='ocrx_word' id='word_1_241' title='bbox 907 4009 936 4062; x_wconf 89' lang='lat' dir='ltr'><strong>in</strong></span> <span class='ocrx_word' id='word_1_242' title='bbox 953 4024 994 4063; x_wconf 89' lang='lat' dir='ltr'><strong>vs.</strong></span> <span class='ocrx_word' id='word_1_243' title='bbox 1010 4008 1085 4080; x_wconf 84' lang='lat'>1084,</span> <span class='ocrx_word' id='word_1_244' title='bbox 1104 4009 1179 4065; x_wconf 84' lang='grc'>1254.</span> 
     </span>
    </p>
   </div>
   <div class='ocr_carea' id='block_1_6' title="bbox 0 0 1534 4574">
    <p class='ocr_par' dir='ltr' id='par_1_7' title="bbox 0 0 1534 4574">
     <span class='ocr_line' id='line_1_35' title="bbox 0 0 1534 4574; baseline 0 1"><span class='ocrx_word' id='word_1_245' title='bbox 0 0 1534 4574; x_wconf 95' lang='lat' dir='ltr'><strong> </strong></span> 
     </span>
    </p>
   </div>
  </div>
 </body>
</html>
