3060 4574
637 345 860 410 ...31-

230 532 310 598 hanc
330 533 496 599 lectionem
516 539 693 618 corruptam
711 553 777 601 csse
796 535 827 600 in
845 553 915 600 eam
931 553 1024 617 quam
1036 535 1109 600 libri
1122 535 1276 613 exhibent,

229 639 347 705 nemini
370 641 579 724 persuadebit.
625 643 704 707 Mihi
726 643 823 726 igitur
848 642 945 708 satius
979 642 1102 707 videtur
1130 644 1275 722 statuere,

231 747 304 812 ante
326 744 364 833 δὴ
386 749 575 831 particulam
596 745 641 835 μὴ
663 749 822 828 excidisse,
848 768 908 830 quc
931 749 1014 814 lactc
1039 750 1074 814 ut
1084 751 1183 815 metro
1203 770 1277 816 con-

233 854 386 919 sulcrctur
408 855 442 919 id
454 857 636 940 suggestum
662 857 710 921 est
728 857 809 939 quod
825 876 904 921 nunc
923 857 1066 942 legimus.
1113 859 1278 941 Proprium

231 960 330 1045 igitur
354 963 429 1039 erat,
450 964 481 1026 ni
500 963 600 1042 fallor,
625 960 670 1050 μὴ
687 960 726 1050 δὴ
748 963 861 1027 δοῦλαι
884 964 1030 1051 Δωρίδος
1054 954 1139 1045 ὦμεν
1154 962 1278 1045 χθονὸς

231 1059 302 1154 ἤδη.
337 1068 375 1135 cf.
396 1068 489 1152 Scph.
513 1070 590 1136 Ocd.
608 1068 673 1134 Col.
693 1071 758 1137 174
784 1060 810 1134 ὦ
823 1072 934 1152 ξεῖνοι,
957 1068 1002 1158 μὴ
1027 1064 1095 1157 δῆτ’
1114 1064 1276 1158 ἆδικηθῶ.

231 1175 342 1241 Troad.
368 1196 397 1242 r.
423 1178 497 1243 173.
543 1178 679 1262 Krigeri
703 1198 749 1262 gr.
774 1199 818 1260 gr.
844 1180 862 1262 ξ
887 1182 940 1257 54,
966 1181 996 1257 8,
1025 1181 1075 1243 13.

323 1284 398 1349 350.
435 1285 566 1349 Hecuba
597 1283 787 1350 Casandram
812 1286 1012 1350 bacchantem
1042 1285 1141 1366 deque
1161 1287 1277 1369 nuptiis

233 1391 298 1456 suis
322 1391 532 1456 exsultantem
557 1391 702 1456 sedatura
726 1391 818 1457 dicit:

365 1495 515 1586 παράδος
539 1495 613 1579 ἐμοὶ
637 1499 718 1584 φῶς·
745 1492 863 1585 οὐγὰρ
889 1492 976 1584 ὀρθὰ
997 1510 1181 1586 πυρφορεῖς

364 1603 483 1688 μαινὰς
505 1599 676 1686 θοάζουσ’,
701 1599 778 1670 οὐδέ
800 1599 829 1669 α’
853 1604 887 1669 αἱ
908 1604 1013 1686 τύχαι,
1036 1608 1156 1686 τέκνον,

366 1706 619 1801 ἒοωφρονήκαδ,
643 1706 713 1777 eat'
736 1706 781 1776 ἔτ’
805 1710 838 1777 ἒν
860 1706 970 1799 ταύτῷ
993 1716 1111 1794 μένεις.

320 1819 399 1886 Cum
423 1820 521 1886 torma
545 1813 788 1908 ἐσωφρονήκαδ
811 1821 899 1886 nulla
922 1822 972 1900 sit,
996 1821 1162 1900 Seidlerus‚
1186 1840 1277 1904 quem

231 1928 370 2010 sequitur
401 1927 621 2007 KirchhoffiUS‚
656 1929 780 2012 scripsit
814 1921 890 1993 οὐδὲ
925 1930 979 1992 σαὶ
1014 1926 1119 2009 τύχαι,
1155 1932 1276 2009 τέκνον,

231 2028 505 2122 σεσωφρονήκασ’,
526 2035 631 2100 Heath
648 2028 722 2100 οὐδὲ
747 2046 820 2111 σαῖς
839 2033 962 2116 τύχαις,
987 2037 1108 2116 τέκνον,
1132 2032 1276 2121 ἐσωφρό-

230 2165 336 2228 νηκας,
358 2142 552 2224 Hartungius
570 2134 645 2206 οὐδὲ
663 2135 692 2204 o'
709 2140 743 2205 αἱ
765 2138 860 2222 τύχαι
877 2143 998 2222 τέκνον,
1020 2138 1124 2228 σοφὴν
1140 2140 1275 2228 ἔθηκαν.

232 2248 315 2329 Quas
344 2249 537 2334 conjecturas
567 2248 641 2312 ferri
675 2268 735 2315 non
771 2267 862 2332 posse
892 2248 1051 2314 Nauclrius
1074 2268 1104 2330 p.
1132 2250 1195 2314 138
1228 2267 1274 2332 sq.

232 2359 299 2422 tom
326 2357 500 2423 luculenter
532 2356 682 2439 exposuit,
714 2356 750 2420 ut
780 2354 817 2420 de
848 2356 888 2420 iis
919 2375 957 2420 nc
991 2356 1119 2422 verbum
1150 2355 1277 2436 quidem

229 2462 328 2530 facere
360 2483 437 2547 opus
471 2464 522 2528 sit
569 2463 728 2528 Nauckius
757 2463 823 2547 ipse
858 2463 940 2528 inter
972 2463 1049 2530 duas
1084 2462 1277 2547 conjecturas

229 2571 387 2654 optionem
410 2571 505 2649 dedit,
530 2574 586 2634 aut
611 2570 806 2637 scribendum
827 2590 894 2636 esse
926 2569 1080 2658 σώφρονα
1107 2563 1276 2634 τεθείκαδ

231 2679 285 2742 aut
310 2674 343 2755 ἐς
367 2679 499 2763 σῶφρον
525 2667 618 2762 ἤχαδ
642 2701 671 2740 κ.
695 2702 724 2741 τ.
748 2677 777 2740 λ.
823 2676 907 2757 Quae
932 2678 991 2742 etsi
1015 2696 1151 2754 sensum,
1183 2697 1276 2757 quem

228 2787 321 2867 poeta
345 2785 447 2850 verbis
472 2785 572 2848 inesse
596 2784 706 2863 voluit,
731 2789 947 2866 assequuntur,
969 2785 1071 2850 tumen
1095 2784 1121 2848 si
1145 2784 1276 2849 formam

232 2893 418 2975 spectamus,
440 2891 542 2955 minus
566 2891 760 2974 comprobari
788 2895 934 2973 possunt;
965 2910 1065 2974 neque
1096 2889 1177 2955 enim
1204 2911 1277 2974 per·

230 2999 348 3065 fectum
370 3002 508 3062 τέθεικα
530 2997 634 3080 poetis
657 2997 785 3082 tragicis
816 2997 966 3062 usitatum
988 2998 1045 3076 cst,
1077 3016 1178 3080 neque
1205 3017 1277 3081 per-

229 3105 425 3170 scutiforme
448 3094 510 3190 ἧχα
534 3105 655 3170 omnino
680 3104 762 3187 apud
784 3104 908 3170 Atticos
938 3106 1095 3171 invenitur
1124 3103 1213 3189 (Lob.
1238 3104 1278 3169 ad

229 3213 343 3298 Phryn.
369 3233 399 3295 p.
426 3211 517 3292 287).
564 3212 678 3277 Melius
700 3212 807 3296 igitur,
830 3211 890 3276 nisi
913 3211 1014 3290 fallor,
1049 3211 1194 3276 damnum
1217 3211 1276 3276 hac

228 3320 405 3402 conjectura
439 3317 585 3384 sarcitur:
622 3312 697 3383 οὐδὲ
733 3319 772 3404 σῇ
806 3316 896 3404 τύχῃ,
929 3321 1051 3400 τέκνον,
1089 3314 1122 3394 ἒς
1145 3315 1277 3404 σῶφρον

227 3413 319 3511 ἧκες·
344 3419 414 3490 oill'
438 3418 484 3490 ἴτ’
508 3423 540 3490 e'v
564 3419 673 3512 ταδτῴ
696 3429 814 3508 μένεις.

317 3537 400 3600 591:

363 3637 402 3704 οὑ
418 3633 448 3703 τ’
470 3629 495 3704 ὦ
519 3632 593 3722 λῦμ’
613 3632 757 3720 Ἀχαιῶν,

363 3752 484 3812 τέκνων
507 3739 651 3812 δέσποθ’
676 3741 768 3828 δμιῦν

362 3855 578 3941 πρεσβυγενὲς
604 3857 731 3940 Πρίαμε

362 3964 509 4043 κοίμισαί
530 3953 564 4043 μ’
590 3959 623 4039 ἐς
648 3953 769 4026 Ἅιδου.
818 3951 960 4023 δέσποθ’
983 3959 1020 4026 V.
1072 3953 1107 4021 δὲ
1137 3949 1208 4020 ποτ’
1238 3959 1273 4022 P.
