3060 4574
666 317 891 380 ..24-

394 504 430 567 αἳ
451 503 619 569 παιδιαῖσι
641 505 696 570 καὶ
715 504 809 592 χλιδῇ
831 504 962 592 μορφῆς
981 505 1059 590 πέρι

395 600 500 694 ἦλθον
523 608 607 697 πρὸς
622 603 713 697 Ἴδην,
762 608 847 698 πρὸς
861 613 897 676 P.
946 608 1003 674 ἐπὶ
1018 612 1056 676 V.
1097 610 1307 678 Kirehhoffius

259 736 320 782 non
337 717 471 798 dubitat,
496 718 569 801 quin
583 714 702 804 πρὸςι
722 718 893 785 eorreotore
909 717 1085 800 prefectum
1102 718 1306 800 Vatioanique

259 823 414 908 scriptura
427 843 466 888 ex
479 815 604 910 ἤλυθον
618 817 671 889 ἐπ’
687 817 771 911 Ἴδην
784 825 930 907 eorrupta
941 825 992 890 sit.
1029 824 1134 890 Etiam
1147 824 1307 891 Nauehius

257 931 288 995 in
311 931 375 1014 ejus
407 934 513 1013 partes
548 930 682 998 transiit.
732 931 794 998 Sed
829 951 1005 1014 quanquam
1036 931 1180 1009 comoedo,
1215 931 1307 998 faoile

258 1056 313 1120 pro
336 1029 462 1124 ἤλυθον
488 1037 582 1102 seribi
601 1038 740 1120 potuisse
764 1029 880 1126 ἦλθον,
913 1039 1020 1104 tamen
1052 1038 1115 1104 alia
1138 1038 1219 1103 ratio
1242 1038 1307 1103 dis-

258 1144 434 1226 crepantiae
451 1143 647 1227 explioandae
664 1145 746 1210 haud
770 1146 870 1211 minue
892 1145 1062 1228 probabilis
1077 1145 1155 1209 mihi
1175 1144 1305 1212 videtur.

261 1252 342 1315 Nam
367 1251 400 1314 in
423 1248 480 1314 ἐπὶ
503 1270 530 1317 e.
557 1271 618 1317 aee.
650 1272 705 1334 per
732 1271 765 1318 se
785 1253 868 1318 inest
890 1253 976 1319 notio
1005 1251 1197 1330 ascendendi,
1229 1271 1309 1332 quae

259 1358 344 1422 notio
383 1359 487 1423 nostro
516 1358 593 1437 loeo,
636 1378 717 1424 eum
753 1359 790 1424 de
821 1364 926 1425 monte
962 1359 1152 1425 ascendendo
1187 1361 1307 1444 agatur,

262 1465 440 1546 requiritur.
487 1464 557 1544 Qua
576 1465 701 1532 notione
725 1484 796 1532 enm
824 1462 909 1552 πρὸς
936 1486 1006 1532 oum
1035 1486 1099 1532 aee.
1126 1466 1308 1550 plerumque

258 1572 372 1652 eareat,
390 1571 538 1639 facillime
555 1590 627 1639 sane
647 1574 714 1639 fieri
726 1573 838 1656 potuit,
863 1575 901 1638 ut
924 1570 981 1638 ἐπὶ
1005 1574 1043 1639 ab
1056 1573 1185 1639 librario
1200 1592 1308 1657 super-

260 1671 448 1745 seriberetur
467 1679 561 1760 idque
582 1680 656 1747 inV
679 1682 711 1746 in
727 1681 830 1764 ipsum
851 1681 970 1746 textum
993 1680 1151 1764 irreperet.
1199 1682 1309 1764 Neque

259 1806 331 1853 vero
358 1787 470 1851 desunt
493 1787 645 1870 exempla,
678 1789 790 1868 quibus
814 1787 931 1870 pateat,
964 1788 1058 1853 etiam
1078 1784 1163 1873 πρὸς
1194 1807 1220 1853 ι.
1243 1806 1307 1854 aee.

259 1895 337 1959 hano
362 1893 547 1959 aseendeudi
569 1895 725 1962 notionem
757 1895 859 1960 inesse
894 1914 995 1978 posse.
1039 1895 1077 1961 of.
1108 1893 1201 1978 Soph.
1226 1895 1308 1960 Phil.

262 2003 357 2066 1430.
405 1999 480 2066 Oed.
500 1998 565 2066 Col.
591 2003 666 2066 381.
713 2001 873 2067 Eur.hlo.
896 2002 975 2081 503,
1001 2001 1038 2066 ir.
1060 2002 1156 2068 1027.
1201 2002 1310 2083 Itaque

263 2126 334 2174 oum
370 2107 465 2172 etiam
500 2108 668 2174 scholiasta
702 2108 815 2193 legeuit
849 2098 954 2195 ἦλθον
993 2105 1078 2195 πρὸς
1104 2099 1200 2196 Ἴδην,
1231 2109 1311 2174 hano

259 2215 427 2281 leotionem
450 2234 558 2281 veram
579 2216 689 2282 habeo.

351 2323 448 2388 1228.
496 2321 615 2389 Chorus
639 2342 711 2389 eum
732 2323 863 2389 Heouba
886 2320 1013 2405 κόμμον
1042 2323 1158 2390 faeiens
1188 2322 1309 2388 cantat:

396 2428 540 2509 στέναζε,
564 2429 668 2516 μᾶτερ
692 2435 762 2492 ΕΚ.
788 2427 861 2494 αἰαῖ

397 2541 459 2599 XO
479 2535 598 2621 νεκρῶν
618 2533 743 2617 ἰἀκχον.
764 2542 834 2600 ΕΚ.
861 2533 951 2617 ι’ίμοι
971 2558 1039 2617 μοι.

350 2641 428 2708 Cum
463 2643 665 2725 grammatias
703 2645 834 2726 utraque
873 2643 966 2709 leotio
1002 2661 1099 2726 aeque
1143 2642 1215 2726 apta
1256 2642 1308 2722 sit,

260 2751 383 2818 tantum
405 2770 444 2816 ex
461 2754 562 2818 metro
576 2750 647 2816 utra
657 2750 858 2834 praeferenda
874 2751 925 2830 sit,
950 2750 1118 2835 dijudicare
1133 2769 1308 2833 possumne.

258 2861 306 2925 De
331 2859 530 2943 dispositione
554 2858 662 2924 autom
683 2857 776 2942 hujus
802 2859 915 2924 eommi
935 2859 1076 2924 homines
1110 2858 1194 2923 dooti
1228 2857 1310 2923 inter

259 2986 292 3032 se
315 2966 510 3031 dissentiunt.
545 2965 1060 3032 Seidlerusenimvs.1226-30
1082 2963 1114 3029 et
1132 2965 1307 3030 1235-39

258 3075 290 3138 in
314 3072 400 3138 binas
419 3073 561 3155 strophas
592 3074 624 3138 et
655 3072 865 3154 antistrophas
897 3071 1044 3154 disponit,
1081 3090 1174 3152 quam
1204 3073 1327 3162 tamen·

260 3179 523 3259 distributionem,
554 3179 672 3245 utalia
695 3180 826 3257 taoeam,
852 3178 923 3244 ideo
946 3196 1007 3243 nou
1028 3178 1134 3260 probo,
1168 3179 1240 3262 quia
1262 3198 1308 3244 vs.

262 3289 437 3352 1216-18
474 3287 512 3352 ab
550 3286 633 3352 omni
667 3285 864 3370 responsione
909 3285 1125 3354 exeluduntur.
1181 3285 1308 3351 Reotius

259 3395 454 3460 Hermannus
480 3394 511 3460 et
526 3392 737 3460 Kirohhoffius
761 3412 868 3460 versus
893 3391 1037 3459 divisisse
1061 3392 1138 3458 mihi
1154 3392 1306 3473 videntur,

261 3520 392 3584 quorum
409 3502 476 3582 ⁸ille
508 3522 553 3569 va.
580 3501 756 3566 1216-18
790 3500 831 3565 et.
854 3501 1029 3566 1226-28
1061 3520 1094 3566 se
1123 3499 1308 3582 respondere

260 3609 338 3688 vult,
374 3610 537 3690 sequentia
568 3627 667 3690 usqne
699 3608 738 3673 ad
768 3627 797 3674 v.
831 3610 917 3674 1230
947 3606 1079 3692 epodum
1108 3607 1308 3686 constituens,

259 3717 311 3782 hie
331 3715 465 3800 primurn
489 3721 522 3782 et
545 3718 611 3800 ipse
634 3736 662 3782 v.
684 3716 862 3781 1216-18
885 3715 916 3779 et
938 3714 1114 3780 1226-28
1151 3713 1309 3798 stropham

262 3825 293 3890 et
316 3824 542 3908 antistropham
558 3825 661 3903 habet,
684 3823 751 3888 turn
771 3841 958 3904 aereusque
982 3821 1021 3887 ad
1035 3840 1064 3887 r.
1092 3823 1178 3886 1239
1194 3841 1307 3888 novam

262 3933 422 4018 stropham
446 3933 478 3998 et
496 3932 720 4016 antistropham
744 3931 915 4014 constituit,
941 3930 1011 3996 ante
1033 3949 1063 4000 v.
1089 3929 1174 3998 1228
1198 3930 1308 4004 laeana
