3060 4574
636 299 833 366 ..4..

309 483 413 574 άνεχε,
437 490 571 578 πάρεχε,
598 491 671 578 φιῦς
692 493 793 578 φέρω,
819 493 913 574 σέβω,
941 490 1061 576 φλέγω.

315 616 433 682 Schot:
472 611 608 680 δύναται
627 615 663 679 δὲ
685 611 770 702 πρὸς
806 611 920 700 ἑαυτὴν
956 615 1059 698 λέγειν
1095 606 1185 699 άντὶΙ
1207 611 1266 675 τοῦ

226 717 319 804 άνεχε
342 724 397 787 καὶ
422 727 511 810 φέρε.
563 723 784 806 imperativum
812 741 919 787 verum
949 739 1015 786 esse
1046 722 1180 785 metrum
1212 719 1265 784 de-

226 831 449 898 monstratef.
474 831 569 896 etiam
594 829 759 895 scholari.
786 830 839 894 Ar.
865 829 923 894 Ar.
949 849 976 894 v.
1006 831 1100 892 1717.

317 975 392 1038 324.
440 971 517 1036 Post
539 991 567 1036 r.
594 974 658 1036 322
683 971 803 1036 redires
831 970 981 1053 praebent
1004 971 1183 1056 παρθένων
1210 966 1266 1032 ἐπὶ

222 1080 378 1167 λέκτροις,
404 1078 486 1160 quod
509 1079 592 1143 idem
613 1079 730 1164 legitur
746 1079 777 1143 in
796 1099 824 1144 V.
842 1082 907 1144 324
931 1078 1002 1142 ante
1027 1073 1047 1139 ά
1067 1074 1165 1158 νόμος
1189 1073 1266 1156 ἕχει.

211 1188 328 1252 Priore
347 1187 415 1251 1000
427 1187 504 1251 haee
514 1187 608 1252 rerba
624 1205 850 1269 supervacanea
870 1187 901 1251 et
915 1186 994 1250 male
1009 1205 1048 1250 ex
1063 1185 1162 1248 altere
1176 1185 1267 1249 iliata

222 1314 289 1360 esse
299 1295 330 1358 et
343 1295 478 1358 metrum
491 1294 522 1358 et
534 1313 631 1358 nexus
645 1293 866 1358 sententiarum
880 1292 979 1357 decet.
1011 1291 1184 1357 Seheliasta
1196 1310 1265 1356 enm

221 1402 348 1466 adnotet
362 1395 444 1464 ιῦστε
457 1393 555 1486 αῦγὴν
572 1401 627 1463 καὶ
640 1399 751 1487 αἴγλην
764 1411 873 1464 ποιεῖν
886 1403 947 1480 σοί,
962 1389 987 1462 ὦ
1003 1393 1159 1479 Ὑμέναιε.
1185 1388 1265 1484 ἢσῦ,

221 1499 247 1572 ιῦ
270 1502 397 1594 Ἑκάτη,
423 1505 557 1571 διδοῦσα
579 1508 661 1594 φῶς,
693 1499 801 1595 ὥςπερ
823 1505 922 1588 νόμος
948 1504 1017 1570 ἐστι
1041 1517 1114 1581 ταῖς
1138 1507 1266 1591 παρθέ-

221 1637 300 1691 νοις.
345 1612 427 1690 eaor
449 1611 509 1701 γάρ
531 1610 617 1694 εἶχον
638 1614 705 1700 πῦρ
729 1607 887 1678 ἀνάπτειν
907 1611 964 1678 ἐπὶ
988 1609 1045 1676 τὸν
1066 1610 1179 1698 γάμον,
1199 1613 1268 1676 tan-

222 1723 292 1787 tum
316 1722 413 1787 altero
432 1723 500 1787 loeo
522 1742 645 1787 nereum
668 1723 782 1807 legisse
806 1721 936 1788 videtur.

313 1881 388 1946 514.
415 1879 510 1945 Oodd.
528 1873 614 1966 ᾠδὰν
631 1878 825 1967 ἐπιτήδειον.
858 1879 959 1944 Schol.
974 1880 1057 1944 recte
1071 1875 1266 1964 ἐπικήδειον.

313 2023 349 2086 In
375 2039 400 2088 v.
427 2023 491 2086 538
515 2041 560 2104 sq.
586 2023 707 2087 cedices
731 2022 895 2105 praebent:

355 2146 501 2210 κλωστοῦ
525 2139 755 2234 δ’άμφιβύλοις
779 2147 905 2228 λένοισι,
927 2142 1003 2221 ναὸς
1028 2138 1104 2208 trieri

360 2252 486 2341 σκάφος
508 2251 654 2318 κελαινὸν
678 2252 724 2331 εἷς
744 2248 863 2341 ἕδρανα

358 2357 453 2423 λάινα
478 2359 607 2424 δάπεδά
629 2384 665 2425 τε
689 2360 788 2447 φόνια
812 2361 948 2447 πατρίδι

358 2464 531 2542 Παλλάδος
553 2469 660 2530 θέσαν
682 2467 777 2542 areg.

315 2589 487 2654 Scholiasta
500 2588 591 2654 dicit:
609 2587 766 2676 καθάπερ
782 2586 859 2666 ναὸς
875 2584 1002 2677 σκάφος
1017 2589 1164 2654 κλωστοῦ
1179 2591 1267 2654 λίνον

224 2689 423 2784 άμφιβύλοις
448 2689 550 2759 ὅέστι
573 2701 726 2776 σχοινίοις
750 2723 778 2761 κ.
796 2723 824 2762 τ.
842 2699 869 2761 λ.
901 2699 993 2780 Legit
1007 2698 1103 2781 igitur
1126 2691 1268 2783 άμφιβύ-

230 2804 300 2880 λοις
324 2805 436 2885 λίνοιο,
462 2802 543 2886 qued
566 2804 775 2870 Kirehhoifius
798 2809 829 2871 et
860 2805 1018 2872 Nauekins
1044 2806 1155 2870 merite
1183 2823 1268 2868 reee-

228 2914 358 2994 perunt3
381 2933 452 2976 nam
474 2914 630 2997 ingentem
654 2914 744 2978 illurn
767 2933 880 2994 equum
903 2914 965 2977 filis
982 2912 1173 2994 asportatum
1189 2931 1266 2977 esee,

224 3017 349 3083 absurdi
372 3018 490 3099 aliquid
513 3020 616 3084 habet.
664 3013 833 3105 άμφίβολα
863 3039 918 3102 pre
947 3020 1139 3084 substantivo
1172 3019 1266 3082 etiarn
1295 3015 1297 3019 ’

169 3189 173 3199 a
224 3124 307 3208 apud
331 3125 499 3190 Leonidam
523 3126 647 3190 Terent.
675 3127 726 3203 Vr,
753 3129 817 3191 296
841 3125 965 3208 legitur.

282 3331 286 3342 ,
313 3285 341 3332 v.
368 3269 433 3332 644
457 3262 519 3352 ἐγώ
541 3264 577 3330 δὲ
597 3264 778 3345 τοξεύσασα
802 3266 859 3354 τῆς
883 3260 1032 3348 εύδοξίας

457 3374 601 3455 λαχοῦσα
624 3375 740 3438 πλεῖον
761 3374 818 3462 τῆς
841 3374 939 3462 τύχης
962 3370 1154 3463 ἡμάρτανον.

314 3497 498 3563 Genetivum
532 3500 590 3586 τῆς
625 3491 773 3579 εῦδοξέας
808 3519 878 3566 eum
913 3499 1094 3581 τοξεύσασα
1129 3498 1267 3564 construi

224 3605 323 3688 primo
348 3607 474 3687 aspeetu
498 3607 737 3672 eonsentaneurn
762 3607 901 3686 rideture
931 3609 985 3673 sed
1016 3611 1083 3673 tum
1108 3625 1266 3690 eompara-

223 3712 307 3778 tirus
343 3712 465 3777 omnine
501 3715 649 3797 explicari
677 3711 795 3794 nequit.
846 3715 1056 3780 Kirehheffius
1080 3715 1185 3798 igitur,
1213 3714 1267 3795 qui

225 3819 365 3884 codicum
398 3819 563 3886 lectionem
599 3821 714 3884 πλεῖον
745 3822 880 3901 retinuit,
921 3823 1163 3904 comparativum
1197 3839 1264 3884 cunr

210 3927 376 4011 'genetivis
390 3929 597 3994 eonstruxisse
612 3928 743 3994 videtur.
778 3928 840 3995 Sed
855 3930 939 3994 omni
951 3929 1127 3995 definitione
1152 3930 1268 3994 emissa
